agg_trade_id,price,quantity,first_trade_id,last_trade_id,transact_time,is_buyer_maker
1253333,114639.7,6.0,2178758,2178759,1758585603593,false
1253334,114639.7,15.0,2178760,2178761,1758585604115,false
1253335,114639.7,3.0,2178762,2178763,1758585604742,false
1253336,114639.6,5.0,2178764,2178766,1758585605626,true
1253337,114616.6,108.0,2178767,2178771,1758585607527,true
1253338,114612.8,4.0,2178772,2178772,1758585607527,true
1253339,114610.7,32.0,2178773,2178773,1758585607527,true
1253340,114610.6,106.0,2178774,2178774,1758585607527,true
1253341,114583.4,64.0,2178775,2178776,1758585609597,false
1253342,114597.7,4.0,2178777,2178777,1758585618243,true
1253343,114583.3,9.0,2178778,2178779,1758585620313,true
1253344,114558.5,1.0,2178780,2178780,1758585636219,true
1253345,114552.1,1.0,2178781,2178781,1758585636392,true
1253346,114541.1,16.0,2178782,2178783,1758585638151,false
1253347,114559.2,1.0,2178784,2178784,1758585638265,false
1253348,114570.6,23.0,2178785,2178787,1758585648965,true
1253349,114541.2,71.0,2178788,2178789,1758585660142,false
1253350,114564.3,3.0,2178790,2178791,1758585667316,false
1253351,114570.7,1.0,2178792,2178792,1758585667319,false
1253352,114593.6,1.0,2178793,2178793,1758585695397,true
1253353,114593.6,38.0,2178794,2178797,1758585696583,true
1253354,114576.7,14.0,2178798,2178798,1758585707786,false
1253355,114593.7,63.0,2178799,2178800,1758585724348,false
1253356,114605.2,25.0,2178801,2178802,1758585724348,false
1253357,114614.7,60.0,2178803,2178803,1758585724348,false
1253358,114614.8,32.0,2178804,2178804,1758585724348,false
1253359,114697.1,15.0,2178805,2178807,1758585781872,true
1253360,114693.4,11.0,2178808,2178808,1758585800040,true
1253361,114645.4,1.0,2178809,2178809,1758585801564,true
1253362,114605.2,44.0,2178810,2178811,1758585850576,false
1253363,114603.6,3.0,2178812,2178812,1758585868509,false
1253364,114552.0,4.0,2178813,2178815,1758585931619,false
1253365,114556.3,4.0,2178816,2178817,1758585978070,false
1253366,114588.4,7.0,2178818,2178819,1758586022995,false
1253367,114615.9,1.0,2178820,2178820,1758586028767,true
1253368,114615.9,7.0,2178821,2178824,1758586029686,true
1253369,114596.1,7.0,2178825,2178827,1758586063927,true
1253370,114547.8,17.0,2178828,2178829,1758586074866,false
1253371,114541.0,208.0,2178830,2178831,1758586099062,true
1253372,114540.3,57.0,2178832,2178832,1758586099062,true
1253373,114524.9,4.0,2178833,2178834,1758586100365,true
1253374,114514.2,5.0,2178835,2178836,1758586123738,false
1253375,114525.6,4.0,2178837,2178837,1758586138382,true
1253376,114514.2,53.0,2178838,2178840,1758586163620,false
1253377,114514.1,79.0,2178841,2178842,1758586214001,true
1253378,114513.0,17.0,2178843,2178843,1758586214001,true
1253379,114512.0,19.0,2178844,2178844,1758586214001,true
1253380,114500.1,53.0,2178845,2178848,1758586221609,false
1253381,114524.6,1.0,2178849,2178849,1758586228516,true
1253382,114524.6,3.0,2178850,2178851,1758586229289,true
1253383,114500.1,5.0,2178852,2178852,1758586236772,false
1253384,114513.1,72.0,2178853,2178854,1758586281653,true
1253385,114500.1,7.0,2178855,2178855,1758586309812,false
1253386,114524.7,238.0,2178856,2178860,1758586328484,false
1253387,114524.7,82.0,2178861,2178863,1758586331860,false
1253388,114524.6,24.0,2178864,2178865,1758586332745,true
1253389,114524.6,50.0,2178866,2178867,1758586335864,true
1253390,114501.7,7.0,2178868,2178868,1758586377178,false
1253391,114524.7,10.0,2178869,2178869,1758586377342,false
1253392,114535.4,11.0,2178870,2178871,1758586379257,true
1253393,114513.1,10.0,2178872,2178872,1758586393187,false
1253394,114513.3,62.0,2178873,2178873,1758586393187,false
1253395,114513.1,63.0,2178874,2178875,1758586393351,false
1253396,114582.1,7.0,2178876,2178876,1758586439621,true
1253397,114559.1,5.0,2178877,2178877,1758586487957,true
1253398,114559.1,2.0,2178878,2178878,1758586495484,true
1253399,114552.9,7.0,2178879,2178879,1758586514475,false
1253400,114569.4,19.0,2178880,2178884,1758586521542,true
1253401,114549.5,5.0,2178885,2178885,1758586533945,false
1253402,114569.5,1.0,2178886,2178886,1758586544611,false
1253403,114587.5,1.0,2178887,2178887,1758586548125,false
1253404,114587.5,4.0,2178888,2178888,1758586563443,false
1253405,114588.4,57.0,2178889,2178889,1758586563443,false
1253406,114628.1,1.0,2178890,2178890,1758586587086,true
1253407,114628.1,19.0,2178891,2178892,1758586597246,true
1253408,114606.7,5.0,2178893,2178893,1758586612679,true
1253409,114577.5,5.0,2178894,2178895,1758586626085,true
1253410,114550.8,5.0,2178896,2178896,1758586635908,false
1253411,114580.8,4.0,2178897,2178897,1758586653447,false
1253412,114580.8,1.0,2178898,2178898,1758586656187,false
1253413,114586.5,1.0,2178899,2178899,1758586656189,false
1253414,114616.6,69.0,2178900,2178906,1758586673048,true
1253415,114602.2,5.0,2178907,2178908,1758586678809,true
1253416,114582.2,3.0,2178909,2178909,1758586685888,false
1253417,114582.2,1.0,2178910,2178910,1758586693022,false
1253418,114587.9,3.0,2178911,2178911,1758586694679,false
1253419,114612.3,3.0,2178912,2178913,1758586701737,true
1253420,114583.4,3.0,2178914,2178914,1758586734447,false
1253421,114601.0,58.0,2178915,2178915,1758586753408,false
1253422,114628.1,3.0,2178916,2178916,1758586786887,true
1253423,114628.2,3.0,2178917,2178917,1758586808368,false
1253424,114662.6,3.0,2178918,2178919,1758586859341,true
1253425,114639.7,3.0,2178920,2178921,1758586871165,false
1253426,114662.6,3.0,2178922,2178922,1758586901359,true
1253427,114661.3,2.0,2178923,2178923,1758586911487,false
1253428,114661.3,127.0,2178924,2178927,1758586923733,false
1253429,114661.3,22.0,2178928,2178928,1758586924159,false
1253430,114661.3,13.0,2178929,2178930,1758586924451,false
1253431,114661.3,13.0,2178931,2178931,1758586924971,false
1253432,114697.1,5.0,2178932,2178932,1758586986636,true
1253433,114674.4,5.0,2178933,2178934,1758587005838,false
1253434,114731.6,59.0,2178935,2178936,1758587144135,true
1253435,114731.6,3.0,2178937,2178937,1758587144248,true
1253436,114716.0,65.0,2178938,2178939,1758587164156,false
1253437,114731.7,3.0,2178940,2178940,1758587171906,false
1253438,114741.3,220.0,2178941,2178942,1758587176693,false
1253439,114765.6,118.0,2178943,2178946,1758587183940,false
1253440,114766.2,1.0,2178947,2178947,1758587183941,false
1253441,114767.2,2.0,2178948,2178948,1758587183942,false
1253442,114767.2,1.0,2178949,2178949,1758587185124,false
1253443,114777.6,3.0,2178950,2178950,1758587215503,true
1253444,114763.5,4.0,2178951,2178952,1758587230703,false
1253445,114844.7,4.0,2178953,2178954,1758587266654,true
1253446,114831.6,3.0,2178955,2178955,1758587279306,true
1253447,114769.5,2.0,2178956,2178956,1758587288179,false
1253448,114769.4,3.0,2178957,2178957,1758587309766,true
1253449,114749.2,3.0,2178958,2178959,1758587315154,false
1253450,114766.2,3.0,2178960,2178960,1758587315272,false
1253451,114777.6,3.0,2178961,2178962,1758587332506,true
1253452,114777.5,20.0,2178963,2178972,1758587332557,true
1253453,114777.5,2.0,2178973,2178973,1758587332675,true
1253454,114777.3,23.0,2178974,2178977,1758587332840,true
1253455,114776.1,1.0,2178978,2178978,1758587332844,true
1253456,114776.1,48.0,2178979,2178981,1758587333208,true
1253457,114752.0,3.0,2178982,2178982,1758587401169,true
1253458,114729.1,3.0,2178983,2178983,1758587401520,false
1253459,114743.2,4.0,2178984,2178985,1758587405374,false
1253460,114763.5,3.0,2178986,2178987,1758587460077,true
1253461,114732.0,58.0,2178988,2178988,1758587466500,true
1253462,114715.5,66.0,2178989,2178989,1758587474795,true
1253463,114698.8,10.0,2178990,2178991,1758587488618,false
1253464,114698.8,104.0,2178992,2178996,1758587525803,false
1253465,114699.8,17.0,2178997,2178997,1758587525803,false
1253466,114699.9,58.0,2178998,2178998,1758587525803,false
1253467,114704.1,2.0,2178999,2178999,1758587525803,false
1253468,114708.2,26.0,2179000,2179000,1758587525803,false
1253469,114708.1,64.0,2179001,2179004,1758587527558,true
1253470,114692.4,3.0,2179005,2179006,1758587546502,true
1253471,114674.3,4.0,2179007,2179007,1758587686033,true
1253472,114674.2,265.0,2179008,2179010,1758587686034,true
1253473,114639.7,36.0,2179011,2179012,1758587687895,false
1253474,114651.2,5.0,2179013,2179013,1758587695331,false
1253475,114662.6,3.0,2179014,2179014,1758587704016,true
1253476,114662.7,17.0,2179015,2179015,1758587713569,false
1253477,114662.7,42.0,2179016,2179017,1758587713849,false
1253478,114662.7,1.0,2179018,2179018,1758587714852,false
1253479,114685.6,63.0,2179019,2179020,1758587761502,true
1253480,114663.8,4.0,2179021,2179021,1758587765417,true
1253481,114632.5,48.0,2179022,2179030,1758587788067,false
1253482,114632.5,7.0,2179031,2179033,1758587788202,false
1253483,114662.7,12.0,2179034,2179038,1758587932449,false
1253484,114674.1,6.0,2179039,2179039,1758587973432,true
1253485,114642.5,1.0,2179040,2179040,1758588019090,true
1253486,114642.5,8.0,2179041,2179045,1758588020101,true
1253487,114578.5,51.0,2179046,2179049,1758588043838,false
1253488,114593.7,3.0,2179050,2179051,1758588048125,false
1253489,114616.7,3.0,2179052,2179052,1758588060414,false
1253490,114661.0,3.0,2179053,2179053,1758588083487,true
1253491,114632.7,14.0,2179054,2179067,1758588092052,true
1253492,114619.2,3.0,2179068,2179068,1758588108078,false
1253493,114620.1,16.0,2179069,2179069,1758588108078,false
1253494,114639.6,4.0,2179070,2179071,1758588110911,true
1253495,114596.1,191.0,2179072,2179075,1758588163681,false
1253496,114616.6,151.0,2179076,2179078,1758588211665,true
1253497,114611.9,108.0,2179079,2179079,1758588211669,true
1253498,114608.1,200.0,2179080,2179080,1758588211669,true
1253499,114549.1,14.0,2179081,2179082,1758588257549,false
1253500,114549.1,16.0,2179083,2179084,1758588283050,false
1253501,114549.9,61.0,2179085,2179085,1758588283050,false
1253502,114593.6,3.0,2179086,2179087,1758588301416,true
1253503,114570.6,2.0,2179088,2179088,1758588316770,true
1253504,114570.6,1.0,2179089,2179089,1758588317131,true
1253505,114563.4,3.0,2179090,2179090,1758588324323,true
1253506,114541.1,3.0,2179091,2179091,1758588328192,false
1253507,114554.8,3.0,2179092,2179092,1758588376620,true
1253508,114541.1,1.0,2179093,2179093,1758588429238,false
1253509,114541.1,2.0,2179094,2179094,1758588434177,false
1253510,114541.3,64.0,2179095,2179095,1758588434177,false
1253511,114563.8,77.0,2179096,2179098,1758588462492,false
1253512,114563.8,114.0,2179099,2179101,1758588467338,false
1253513,114582.1,1.0,2179102,2179102,1758588467344,false
1253514,114593.6,3.0,2179103,2179103,1758588477153,true
1253515,114590.7,50.0,2179104,2179104,1758588480600,false
1253516,114602.4,3.0,2179105,2179105,1758588486253,true
1253517,114579.5,1.0,2179106,2179106,1758588510670,true
1253518,114579.5,2.0,2179107,2179107,1758588510929,true
1253519,114563.5,4.0,2179108,2179108,1758588547078,true
1253520,114541.1,5.0,2179109,2179110,1758588574198,false
1253521,114541.1,71.0,2179111,2179112,1758588603007,true
1253522,114541.0,208.0,2179113,2179114,1758588603008,true
1253523,114500.0,72.0,2179115,2179116,1758588663034,true
1253524,114487.9,59.0,2179117,2179117,1758588675035,true
1253525,114478.1,30.0,2179118,2179120,1758588675454,true
1253526,114437.3,3.0,2179121,2179122,1758588726132,false
1253527,114455.6,3.0,2179123,2179123,1758588734068,true
1253528,114437.4,67.0,2179124,2179126,1758588801621,true
1253529,114431.9,59.0,2179127,2179128,1758588804886,true
1253530,114419.1,104.0,2179129,2179130,1758588848217,true
1253531,114400.0,56.0,2179131,2179132,1758588853494,true
1253532,114387.4,6.0,2179133,2179133,1758588904374,false
1253533,114387.4,21.0,2179134,2179134,1758588904538,false
1253534,114387.4,6.0,2179135,2179135,1758588904639,false
1253535,114387.4,51.0,2179136,2179139,1758588904919,false
1253536,114387.3,8.0,2179140,2179140,1758588947534,true
1253537,114386.9,5.0,2179141,2179141,1758588947534,true
1253538,114382.1,554.0,2179142,2179151,1758588969202,false
1253539,114387.2,64.0,2179152,2179152,1758588969202,false
1253540,114387.3,104.0,2179153,2179153,1758588969203,false
1253541,114387.4,108.0,2179154,2179154,1758588969203,false
1253542,114390.1,147.0,2179155,2179158,1758588975835,true
1253543,114390.1,119.0,2179159,2179164,1758589045291,false
1253544,114390.2,29.0,2179165,2179165,1758589045292,false
1253545,114398.2,1.0,2179166,2179166,1758589045312,false
1253546,114409.7,72.0,2179167,2179169,1758589094758,false
1253547,114418.7,200.0,2179170,2179170,1758589094758,false
1253548,114421.2,1.0,2179171,2179171,1758589094758,false
1253549,114421.5,22.0,2179172,2179172,1758589094758,false
1253550,114427.6,47.0,2179173,2179173,1758589094758,false
1253551,114430.5,7.0,2179174,2179174,1758589094758,false
1253552,114430.6,105.0,2179175,2179175,1758589094758,false
1253553,114430.7,25.0,2179176,2179176,1758589094758,false
1253554,114431.4,2.0,2179177,2179177,1758589094758,false
1253555,114432.7,1.0,2179178,2179178,1758589094758,false
1253556,114433.4,63.0,2179179,2179179,1758589094758,false
1253557,114433.5,108.0,2179180,2179180,1758589094758,false
1253558,114433.9,102.0,2179181,2179181,1758589094758,false
1253559,114440.0,263.0,2179182,2179182,1758589094763,true
1253560,114440.0,543.0,2179183,2179185,1758589113240,true
1253561,114420.1,17.0,2179186,2179187,1758589159690,true
1253562,114397.4,5.0,2179188,2179188,1758589201209,false
1253563,114409.7,125.0,2179189,2179195,1758589207367,false
1253564,114409.7,40.0,2179196,2179197,1758589215880,false
1253565,114425.5,55.0,2179198,2179199,1758589223531,false
1253566,114429.7,66.0,2179200,2179201,1758589243178,true
1253567,114412.9,218.0,2179202,2179205,1758589278501,false
1253568,114413.3,19.0,2179206,2179206,1758589278501,false
1253569,114413.4,64.0,2179207,2179207,1758589278501,false
1253570,114418.6,38.0,2179208,2179208,1758589278501,false
1253571,114419.5,106.0,2179209,2179209,1758589278501,false
1253572,114419.6,21.0,2179210,2179210,1758589278501,false
1253573,114422.3,33.0,2179211,2179211,1758589278501,false
1253574,114425.6,2.0,2179212,2179212,1758589278501,false
1253575,114425.8,108.0,2179213,2179213,1758589278501,false
1253576,114427.7,11.0,2179214,2179214,1758589278501,false
1253577,114427.8,10.0,2179215,2179215,1758589278501,false
1253578,114429.8,25.0,2179216,2179216,1758589278501,false
1253579,114432.7,1.0,2179217,2179217,1758589278501,false
1253580,114441.3,25.0,2179218,2179218,1758589278501,false
1253581,114444.2,1.0,2179219,2179219,1758589278501,false
1253582,114450.9,51.0,2179220,2179221,1758589278501,false
1253583,114451.0,102.0,2179222,2179222,1758589278501,false
1253584,114455.7,26.0,2179223,2179224,1758589278501,false
1253585,114460.5,13.0,2179225,2179225,1758589278501,false
1253586,114460.6,270.0,2179226,2179226,1758589278501,false
1253587,114429.8,4.0,2179227,2179227,1758589296192,true
1253588,114403.9,100.0,2179228,2179231,1758589329545,false
1253589,114403.8,65.0,2179232,2179233,1758589355350,true
1253590,114388.1,65.0,2179234,2179235,1758589399592,true
1253591,114382.0,1.0,2179236,2179236,1758589399620,true
1253592,114380.2,5.0,2179237,2179237,1758589413491,false
1253593,114396.1,59.0,2179238,2179239,1758589428926,true
1253594,114380.3,6.0,2179240,2179241,1758589449960,false
1253595,114394.1,5.0,2179242,2179242,1758589547649,false
1253596,114407.6,80.0,2179243,2179245,1758589556121,false
1253597,114409.7,93.0,2179246,2179247,1758589556121,false
1253598,114409.8,108.0,2179248,2179248,1758589556121,false
1253599,114415.9,200.0,2179249,2179249,1758589556121,false
1253600,114417.4,10.0,2179250,2179250,1758589556121,false
1253601,114420.1,4.0,2179251,2179251,1758589556121,false
1253602,114421.2,1.0,2179252,2179252,1758589556121,false
1253603,114424.1,24.0,2179253,2179253,1758589556121,false
1253604,114428.3,2.0,2179254,2179254,1758589556121,false
1253605,114432.7,1.0,2179255,2179255,1758589556121,false
1253606,114441.2,11.0,2179256,2179256,1758589556121,false
1253607,114441.3,12.0,2179257,2179257,1758589556121,false
1253608,114441.4,24.0,2179258,2179258,1758589556121,false
1253609,114444.2,1.0,2179259,2179259,1758589556121,false
1253610,114445.6,40.0,2179260,2179261,1758589556122,false
1253611,114445.7,102.0,2179262,2179262,1758589556122,false
1253612,114450.0,263.0,2179263,2179263,1758589556126,true
1253613,114450.0,1.0,2179264,2179264,1758589556900,true
1253614,114450.0,84.0,2179265,2179266,1758589558532,true
1253615,114450.0,85.0,2179267,2179268,1758589563605,true
1253616,114450.0,57.0,2179269,2179270,1758589563782,true
1253617,114421.4,59.0,2179271,2179272,1758589566951,true
1253618,114403.5,113.0,2179273,2179276,1758589577201,false
1253619,114406.6,22.0,2179277,2179277,1758589577201,false
1253620,114418.4,3.0,2179278,2179278,1758589596541,true
1253621,114410.0,271.0,2179279,2179281,1758589614115,true
1253622,114392.5,1.0,2179282,2179282,1758589654557,false
1253623,114392.5,2.0,2179283,2179283,1758589662909,false
1253624,114392.5,7.0,2179284,2179284,1758589663206,false
1253625,114392.5,3.0,2179285,2179285,1758589668281,false
1253626,114409.1,3.0,2179286,2179286,1758589676155,true
1253627,114395.4,3.0,2179287,2179287,1758589784270,true
1253628,114380.2,2.0,2179288,2179288,1758589804022,false
1253629,114380.2,20.0,2179289,2179291,1758589804289,false
1253630,114380.2,2.0,2179292,2179292,1758589804408,false
1253631,114380.2,8.0,2179293,2179293,1758589804900,false
1253632,114380.2,7.0,2179294,2179295,1758589819831,false
1253633,114409.6,65.0,2179296,2179297,1758589880298,true
1253634,114398.2,64.0,2179298,2179298,1758589881588,true
1253635,114380.1,69.0,2179299,2179300,1758589924746,true
1253636,114368.3,72.0,2179301,2179302,1758589927045,true
1253637,114345.4,56.0,2179303,2179303,1758589948467,true
1253638,114342.5,543.0,2179304,2179304,1758589948467,true
1253639,114342.5,1.0,2179305,2179305,1758589949181,true
1253640,114342.5,1.0,2179306,2179306,1758589955801,true
1253641,114342.5,1322.0,2179307,2179309,1758589956335,true
1253642,114341.0,186.0,2179310,2179310,1758589956339,true
1253643,114329.1,1.0,2179311,2179311,1758589956350,true
1253644,114311.3,6.0,2179312,2179313,1758589973591,false
1253645,114329.0,3.0,2179314,2179314,1758589980780,false
1253646,114340.5,13.0,2179315,2179315,1758589987320,true
1253647,114340.5,3.0,2179316,2179316,1758590010232,true
1253648,114319.0,3.0,2179317,2179318,1758590022870,false
1253649,114352.2,66.0,2179319,2179319,1758590042490,false
1253650,114375.1,3.0,2179320,2179320,1758590043857,true
1253651,114352.4,3.0,2179321,2179321,1758590047716,false
1253652,114374.9,3.0,2179322,2179322,1758590069468,true
1253653,114322.2,3.0,2179323,2179323,1758590124215,false
1253654,114352.2,58.0,2179324,2179324,1758590147931,false
1253655,114375.2,65.0,2179325,2179326,1758590163826,false
1253656,114381.2,4.0,2179327,2179327,1758590163826,false
1253657,114386.7,69.0,2179328,2179329,1758590163849,false
1253658,114386.7,25.0,2179330,2179331,1758590163955,false
1253659,114388.0,48.0,2179332,2179334,1758590163956,false
1253660,114388.0,37.0,2179335,2179337,1758590164397,false
1253661,114388.0,22.0,2179338,2179340,1758590164508,false
1253662,114388.0,22.0,2179341,2179342,1758590164772,false
1253663,114428.5,1.0,2179343,2179343,1758590272349,false
1253664,114444.2,1.0,2179344,2179344,1758590272513,false
1253665,114444.2,6.0,2179345,2179345,1758590293770,false
1253666,114513.1,4.0,2179346,2179349,1758590309361,true
1253667,114484.4,4.0,2179350,2179350,1758590327503,true
1253668,114483.9,58.0,2179351,2179351,1758590327503,true
1253669,114455.9,5.0,2179352,2179354,1758590346579,false
1253670,114468.3,4.0,2179355,2179355,1758590360647,true
1253671,114410.5,3.0,2179356,2179357,1758590396125,false
1253672,114417.7,50.0,2179358,2179359,1758590398011,false
1253673,114455.7,124.0,2179360,2179364,1758590430116,false
1253674,114456.0,2.0,2179365,2179365,1758590439682,true
1253675,114455.9,2.0,2179366,2179366,1758590465655,false
1253676,114465.9,46.0,2179367,2179369,1758590465992,false
1253677,114507.1,50.0,2179370,2179371,1758590509804,true
1253678,114507.1,2.0,2179372,2179372,1758590514891,true
1253679,114501.6,2.0,2179373,2179373,1758590531957,false
1253680,114474.0,3.0,2179374,2179374,1758590636951,false
1253681,114522.9,4.0,2179375,2179375,1758590728694,true
1253682,114522.1,9.0,2179376,2179376,1758590728694,true
1253683,114493.1,63.0,2179377,2179387,1758590761149,false
1253684,114493.1,2.0,2179388,2179389,1758590766908,false
1253685,114495.8,10.0,2179390,2179390,1758590766911,false
1253686,114510.7,2.0,2179391,2179391,1758590870829,true
1253687,114496.4,4.0,2179392,2179393,1758590893511,false
1253688,114501.5,32.0,2179394,2179394,1758590893581,false
1253689,114521.4,2.0,2179395,2179395,1758591004131,false
1253690,114521.4,16.0,2179396,2179399,1758591004446,false
1253691,114521.4,8.0,2179400,2179400,1758591004568,false
1253692,114521.4,6.0,2179401,2179402,1758591005003,false
1253693,114521.3,10.0,2179403,2179406,1758591012071,true
1253694,114521.3,3.0,2179407,2179407,1758591012652,true
1253695,114521.3,7.0,2179408,2179409,1758591012791,true
1253696,114521.3,54.0,2179410,2179411,1758591048441,true
1253697,114504.3,38.0,2179412,2179425,1758591085642,false
1253698,114504.3,19.0,2179426,2179432,1758591085869,false
1253699,114504.3,6.0,2179433,2179434,1758591086226,false
1253700,114524.6,50.0,2179435,2179435,1758591091169,true
1253701,114524.6,23.0,2179436,2179438,1758591098445,true
1253702,114461.3,4.0,2179439,2179439,1758591192153,true
1253703,114455.8,127.0,2179440,2179441,1758591193215,true
1253704,114421.2,17.0,2179442,2179442,1758591211997,true
1253705,114421.2,18.0,2179443,2179443,1758591213510,true
1253706,114399.9,4.0,2179444,2179446,1758591232502,false
1253707,114399.9,38.0,2179447,2179448,1758591232881,false
1253708,114400.0,5.0,2179449,2179450,1758591355934,false
1253709,114400.0,199.0,2179451,2179456,1758591371187,false
1253710,114401.9,61.0,2179457,2179457,1758591371187,false
1253711,114402.2,200.0,2179458,2179458,1758591371187,false
1253712,114402.9,2.0,2179459,2179459,1758591371187,false
1253713,114405.0,32.0,2179460,2179460,1758591371187,false
1253714,114405.1,108.0,2179461,2179461,1758591371187,false
1253715,114409.2,22.0,2179462,2179462,1758591371187,false
1253716,114411.5,25.0,2179463,2179463,1758591371187,false
1253717,114421.2,1.0,2179464,2179464,1758591371187,false
1253718,114423.2,41.0,2179465,2179466,1758591371187,false
1253719,114423.8,25.0,2179467,2179467,1758591371187,false
1253720,114424.6,10.0,2179468,2179468,1758591371187,false
1253721,114426.0,108.0,2179469,2179469,1758591371187,false
1253722,114431.0,31.0,2179470,2179470,1758591371187,false
1253723,114431.1,102.0,2179471,2179471,1758591371187,false
1253724,114432.7,1.0,2179472,2179472,1758591371187,false
1253725,114440.3,38.0,2179473,2179473,1758591371188,false
1253726,114440.4,102.0,2179474,2179474,1758591371188,false
1253727,114444.2,1.0,2179475,2179475,1758591371188,false
1253728,114444.5,24.0,2179476,2179476,1758591371188,false
1253729,114445.3,11.0,2179477,2179477,1758591371188,false
1253730,114409.7,3.0,2179478,2179478,1758591413539,true
1253731,114394.0,15.0,2179479,2179480,1758591423048,false
1253732,114409.7,97.0,2179481,2179485,1758591446118,false
1253733,114410.3,61.0,2179486,2179486,1758591446118,false
1253734,114410.4,200.0,2179487,2179487,1758591446118,false
1253735,114410.9,2.0,2179488,2179488,1758591446118,false
1253736,114417.1,10.0,2179489,2179489,1758591446118,false
1253737,114419.9,78.0,2179490,2179490,1758591446118,false
1253738,114420.0,250.0,2179491,2179491,1758591446118,false
1253739,114421.2,1.0,2179492,2179492,1758591446118,false
1253740,114423.4,206.0,2179493,2179493,1758591446118,false
1253741,114423.5,239.0,2179494,2179494,1758591446118,false
1253742,114409.6,174.0,2179495,2179497,1758591447643,true
1253743,114395.7,5.0,2179498,2179498,1758591454911,false
1253744,114395.6,59.0,2179499,2179499,1758591460079,true
1253745,114352.2,23.0,2179500,2179501,1758591517710,false
1253746,114375.2,152.0,2179502,2179508,1758591592878,false
1253747,114375.4,61.0,2179509,2179509,1758591592879,false
1253748,114375.5,200.0,2179510,2179510,1758591592879,false
1253749,114376.9,2.0,2179511,2179511,1758591592879,false
1253750,114383.9,1.0,2179512,2179512,1758591610088,true
1253751,114383.9,13.0,2179513,2179513,1758591610289,true
1253752,114380.0,55.0,2179514,2179517,1758591611191,true
1253753,114380.0,1.0,2179518,2179518,1758591611403,true
1253754,114380.0,158.0,2179519,2179520,1758591615271,true
1253755,114360.4,48.0,2179521,2179522,1758591615417,true
1253756,114334.7,54.0,2179523,2179523,1758591629165,true
1253757,114327.7,108.0,2179524,2179524,1758591629167,true
1253758,114300.1,48.0,2179525,2179525,1758591629269,true
1253759,114300.1,1.0,2179526,2179526,1758591638675,true
1253760,114300.0,1.0,2179527,2179527,1758591638675,true
1253761,114287.6,48.0,2179528,2179529,1758591638824,true
1253762,114287.7,53.0,2179530,2179533,1758591640771,false
1253763,114306.2,4.0,2179534,2179535,1758591655883,false
1253764,114293.1,144.0,2179536,2179539,1758591716621,true
1253765,114293.2,4.0,2179540,2179541,1758591717275,false
1253766,114306.1,4.0,2179542,2179542,1758591741457,true
1253767,114281.2,34.0,2179543,2179545,1758591745059,true
1253768,114279.8,4.0,2179546,2179546,1758591745112,true
1253769,114250.1,5.0,2179547,2179548,1758591768252,false
1253770,114266.5,4.0,2179549,2179550,1758591781278,false
1253771,114285.6,4.0,2179551,2179551,1758591800582,true
1253772,114285.3,52.0,2179552,2179552,1758591800582,true
1253773,114260.2,35.0,2179553,2179555,1758591820092,false
1253774,114260.2,21.0,2179556,2179556,1758591821840,false
1253775,114260.2,9.0,2179557,2179557,1758591825489,false
1253776,114262.2,48.0,2179558,2179561,1758591825541,false
1253777,114271.7,60.0,2179562,2179562,1758591834431,false
1253778,114283.0,68.0,2179563,2179564,1758591840829,true
1253779,114276.6,61.0,2179565,2179567,1758591893081,false
1253780,114306.1,467.0,2179568,2179572,1758591967950,true
1253781,114306.0,24.0,2179573,2179573,1758591967951,true
1253782,114305.5,9.0,2179574,2179574,1758591967951,true
1253783,114306.1,120.0,2179575,2179577,1758591967959,true
1253784,114305.6,27.0,2179578,2179578,1758591967959,true
1253785,114305.7,4.0,2179579,2179580,1758591989112,false
1253786,114332.1,6.0,2179581,2179581,1758592000107,false
1253787,114336.6,1.0,2179582,2179582,1758592031541,true
1253788,114336.6,4.0,2179583,2179584,1758592031693,true
1253789,114309.1,8.0,2179585,2179586,1758592067064,false
1253790,114320.7,37.0,2179587,2179588,1758592133505,true
1253791,114306.2,4.0,2179589,2179589,1758592181755,true
1253792,114283.3,4.0,2179590,2179590,1758592208248,true
1253793,114279.0,108.0,2179591,2179591,1758592209789,true
1253794,114269.0,3.0,2179592,2179592,1758592219039,true
1253795,114250.0,7.0,2179593,2179593,1758592238043,true
1253796,114222.3,46.0,2179594,2179596,1758592253332,false
1253797,114233.9,4.0,2179597,2179597,1758592274954,true
1253798,114222.2,8.0,2179598,2179599,1758592283366,true
1253799,114220.1,4.0,2179600,2179600,1758592283367,true
1253800,114214.3,5.0,2179601,2179601,1758592283368,true
1253801,114208.6,1.0,2179602,2179602,1758592283420,true
1253802,114204.8,1.0,2179603,2179603,1758592283420,true
1253803,114186.6,4.0,2179604,2179604,1758592299836,false
1253804,114208.7,114.0,2179605,2179606,1758592301927,false
1253805,114208.6,3.0,2179607,2179607,1758592332376,true
1253806,114162.0,1.0,2179608,2179608,1758592383970,true
1253807,114155.5,1.0,2179609,2179609,1758592383970,true
1253808,114146.5,7.0,2179610,2179610,1758592386019,true
1253809,114146.6,3.0,2179611,2179611,1758592393990,false
1253810,114164.4,3.0,2179612,2179612,1758592400931,false
1253811,114188.7,3.0,2179613,2179613,1758592407473,true
1253812,114188.5,3.0,2179614,2179614,1758592421994,true
1253813,114175.5,3.0,2179615,2179615,1758592447306,false
1253814,114191.2,156.0,2179616,2179618,1758592450724,false
1253815,114202.6,4.0,2179619,2179620,1758592476729,true
1253816,114184.9,5.0,2179621,2179621,1758592486155,false
1253817,114214.1,1.0,2179622,2179622,1758592491019,true
1253818,114214.1,4.0,2179623,2179624,1758592500417,true
1253819,114188.2,5.0,2179625,2179625,1758592526682,true
1253820,114169.5,1.0,2179626,2179626,1758592542276,false
1253821,114169.5,3.0,2179627,2179627,1758592544823,false
1253822,114170.5,1.0,2179628,2179628,1758592546237,false
1253823,114170.5,4.0,2179629,2179629,1758592547687,false
1253824,114170.9,66.0,2179630,2179630,1758592547687,false
1253825,114191.1,5.0,2179631,2179632,1758592606790,true
1253826,114190.2,44.0,2179633,2179634,1758592606790,true
1253827,114157.5,14.0,2179635,2179637,1758592645048,false
1253828,114157.5,3.0,2179638,2179638,1758592645343,false
1253829,114163.6,56.0,2179639,2179639,1758592646785,false
1253830,114191.1,3.0,2179640,2179640,1758592717372,true
1253831,114187.3,1.0,2179641,2179641,1758592753135,true
1253832,114164.3,4.0,2179642,2179642,1758592802009,false
1253833,114248.6,2.0,2179643,2179643,1758592806074,true
1253834,114248.6,1.0,2179644,2179644,1758592806181,true
1253835,114225.7,103.0,2179645,2179649,1758592808856,false
1253836,114229.1,22.0,2179650,2179650,1758592808856,false
1253837,114237.2,1.0,2179651,2179651,1758592820625,false
1253838,114248.6,3.0,2179652,2179652,1758592837183,true
1253839,114226.8,3.0,2179653,2179653,1758592839635,true
1253840,114214.3,103.0,2179654,2179664,1758592855151,false
1253841,114237.2,5.0,2179665,2179665,1758592871422,false
1253842,114329.1,3.0,2179666,2179666,1758592917946,true
1253843,114303.4,3.0,2179667,2179667,1758592920192,true
1253844,114271.7,4.0,2179668,2179669,1758592928396,false
1253845,114306.1,3.0,2179670,2179670,1758592933691,true
1253846,114239.3,3.0,2179671,2179671,1758592961875,false
1253847,114292.4,3.0,2179672,2179672,1758593001577,true
1253848,114292.1,2.0,2179673,2179673,1758593001598,true
1253849,114265.8,4.0,2179674,2179675,1758593006752,false
1253850,114288.7,1.0,2179676,2179676,1758593019335,false
1253851,114288.7,2.0,2179677,2179677,1758593019922,false
1253852,114306.2,62.0,2179678,2179678,1758593034890,false
1253853,114317.6,4.0,2179679,2179680,1758593049859,true
1253854,114294.7,58.0,2179681,2179683,1758593052620,true
1253855,114247.2,4.0,2179684,2179685,1758593074823,false
1253856,114271.6,3.0,2179686,2179686,1758593082733,true
1253857,114226.8,3.0,2179687,2179688,1758593086721,false
1253858,114255.1,3.0,2179689,2179690,1758593100507,false
1253859,114306.1,3.0,2179691,2179693,1758593116816,true
1253860,114283.1,3.0,2179694,2179695,1758593128247,true
1253861,114246.8,3.0,2179696,2179696,1758593157715,false
1253862,114271.6,38.0,2179697,2179698,1758593165598,true
1253863,114271.7,2.0,2179699,2179700,1758593171624,false
1253864,114271.7,1.0,2179701,2179701,1758593174249,false
1253865,114290.6,26.0,2179702,2179704,1758593181538,true
1253866,114278.6,200.0,2179705,2179705,1758593181538,true
1253867,114271.6,25.0,2179706,2179707,1758593181538,true
1253868,114270.5,108.0,2179708,2179708,1758593181539,true
1253869,114260.1,25.0,2179709,2179710,1758593181539,true
1253870,114258.2,2.0,2179711,2179711,1758593181539,true
1253871,114256.5,31.0,2179712,2179712,1758593181539,true
1253872,114256.4,102.0,2179713,2179713,1758593181539,true
1253873,114248.6,1.0,2179714,2179714,1758593181539,true
1253874,114246.8,38.0,2179715,2179715,1758593181539,true
1253875,114246.7,25.0,2179716,2179716,1758593181539,true
1253876,114246.0,102.0,2179717,2179717,1758593181539,true
1253877,114238.3,1.0,2179718,2179718,1758593181539,true
1253878,114237.2,38.0,2179719,2179719,1758593181539,true
1253879,114237.1,1.0,2179720,2179720,1758593181539,true
1253880,114236.8,102.0,2179721,2179721,1758593181539,true
1253881,114235.2,25.0,2179722,2179722,1758593181539,true
1253882,114230.5,32.0,2179723,2179723,1758593181539,true
1253883,114230.4,108.0,2179724,2179724,1758593181539,true
1253884,114227.2,31.0,2179725,2179725,1758593181539,true
1253885,114227.1,102.0,2179726,2179726,1758593181539,true
1253886,114225.6,1.0,2179727,2179727,1758593181539,true
1253887,114224.5,43.0,2179728,2179728,1758593181539,true
1253888,114216.5,38.0,2179729,2179729,1758593181539,true
1253889,114215.2,24.0,2179730,2179730,1758593181539,true
1253890,114214.1,1.0,2179731,2179731,1758593181539,true
1253891,114212.0,102.0,2179732,2179732,1758593181539,true
1253892,114208.6,14.0,2179733,2179733,1758593181539,true
1253893,114208.5,45.0,2179734,2179734,1758593181539,true
1253894,114204.0,305.0,2179735,2179736,1758593181539,true
1253895,114202.7,102.0,2179737,2179737,1758593181539,true
1253896,114202.6,26.0,2179738,2179739,1758593181539,true
1253897,114199.7,905.0,2179740,2179740,1758593181539,true
1253898,114199.1,110.0,2179741,2179741,1758593181539,true
1253899,114271.4,1.0,2179742,2179742,1758593181547,true
1253900,114271.5,3.0,2179743,2179743,1758593183823,false
1253901,114291.3,287.0,2179744,2179748,1758593196081,true
1253902,114282.3,2.0,2179749,2179749,1758593196081,true
1253903,114279.8,25.0,2179750,2179750,1758593196081,true
1253904,114271.7,31.0,2179751,2179751,1758593196081,true
1253905,114271.6,103.0,2179752,2179753,1758593196081,true
1253906,114262.3,31.0,2179754,2179754,1758593196081,true
1253907,114262.2,102.0,2179755,2179755,1758593196081,true
1253908,114260.1,1.0,2179756,2179756,1758593196081,true
1253909,114259.9,25.0,2179757,2179757,1758593196081,true
1253910,114253.1,31.0,2179758,2179758,1758593196081,true
1253911,114253.0,102.0,2179759,2179759,1758593196081,true
1253912,114248.6,1.0,2179760,2179760,1758593196081,true
1253913,114248.4,25.0,2179761,2179761,1758593196081,true
1253914,114245.0,31.0,2179762,2179762,1758593196081,true
1253915,114243.8,102.0,2179763,2179763,1758593196081,true
1253916,114237.1,1.0,2179764,2179764,1758593196081,true
1253917,114236.9,25.0,2179765,2179765,1758593196081,true
1253918,114234.7,31.0,2179766,2179766,1758593196081,true
1253919,114234.6,102.0,2179767,2179767,1758593196081,true
1253920,114225.6,1.0,2179768,2179768,1758593196081,true
1253921,114225.5,20.0,2179769,2179769,1758593196081,true
1253922,114225.4,25.0,2179770,2179770,1758593196081,true
1253923,114224.0,40.0,2179771,2179771,1758593196081,true
1253924,114219.9,38.0,2179772,2179772,1758593196081,true
1253925,114218.7,296.0,2179773,2179773,1758593196081,true
1253926,114218.6,591.0,2179774,2179774,1758593196082,true
1253927,114266.4,162.0,2179775,2179777,1758593203762,false
1253928,114295.8,27.0,2179778,2179778,1758593206318,true
1253929,114295.9,83.0,2179779,2179780,1758593224267,false
1253930,114295.8,386.0,2179781,2179786,1758593224639,true
1253931,114293.7,2.0,2179787,2179787,1758593224639,true
1253932,114288.1,25.0,2179788,2179788,1758593224639,true
1253933,114283.7,32.0,2179789,2179789,1758593224639,true
1253934,114283.2,107.0,2179790,2179790,1758593224639,true
1253935,114283.1,1.0,2179791,2179791,1758593224639,true
1253936,114271.9,107.0,2179792,2179792,1758593224639,true
1253937,114271.8,71.0,2179793,2179793,1758593224639,true
1253938,114271.7,107.0,2179794,2179794,1758593224639,true
1253939,114271.6,1.0,2179795,2179795,1758593224639,true
1253940,114268.8,102.0,2179796,2179796,1758593224639,true
1253941,114268.4,25.0,2179797,2179797,1758593224639,true
1253942,114260.1,1.0,2179798,2179798,1758593224639,true
1253943,114257.2,31.0,2179799,2179799,1758593224639,true
1253944,114257.1,102.0,2179800,2179800,1758593224639,true
1253945,114254.8,25.0,2179801,2179801,1758593224639,true
1253946,114248.6,1.0,2179802,2179802,1758593224639,true
1253947,114248.0,31.0,2179803,2179803,1758593224639,true
1253948,114247.9,102.0,2179804,2179804,1758593224639,true
1253949,114243.3,25.0,2179805,2179805,1758593224639,true
1253950,114238.8,51.0,2179806,2179807,1758593224639,true
1253951,114238.7,102.0,2179808,2179808,1758593224639,true
1253952,114238.3,1.0,2179809,2179809,1758593224640,true
1253953,114237.1,1.0,2179810,2179810,1758593224640,true
1253954,114234.3,80.0,2179811,2179811,1758593224640,true
1253955,114231.8,25.0,2179812,2179812,1758593224640,true
1253956,114231.5,34.0,2179813,2179813,1758593224640,true
1253957,114228.9,217.0,2179814,2179814,1758593224640,true
1253958,114295.9,44.0,2179815,2179815,1758593224786,false
1253959,114295.9,13.0,2179816,2179816,1758593225087,false
1253960,114295.9,35.0,2179817,2179819,1758593225221,false
1253961,114295.8,287.0,2179820,2179825,1758593235455,true
1253962,114284.3,25.0,2179826,2179826,1758593235455,true
1253963,114283.1,1.0,2179827,2179827,1758593235455,true
1253964,114273.1,10.0,2179828,2179828,1758593235455,true
1253965,114273.0,11.0,2179829,2179829,1758593235455,true
1253966,114272.9,10.0,2179830,2179830,1758593235455,true
1253967,114272.8,25.0,2179831,2179831,1758593235455,true
1253968,114271.6,1.0,2179832,2179832,1758593235455,true
1253969,114267.2,42.0,2179833,2179834,1758593235455,true
1253970,114267.1,102.0,2179835,2179835,1758593235455,true
1253971,114261.5,14.0,2179836,2179836,1758593235455,true
1253972,114261.4,11.0,2179837,2179837,1758593235455,true
1253973,114261.3,25.0,2179838,2179838,1758593235455,true
1253974,114260.1,1.0,2179839,2179839,1758593235455,true
1253975,114256.4,31.0,2179840,2179840,1758593235455,true
1253976,114256.3,102.0,2179841,2179841,1758593235455,true
1253977,114249.8,25.0,2179842,2179842,1758593235455,true
1253978,114248.8,10.0,2179843,2179843,1758593235455,true
1253979,114248.7,31.0,2179844,2179844,1758593235455,true
1253980,114248.6,1.0,2179845,2179845,1758593235456,true
1253981,114247.1,102.0,2179846,2179846,1758593235456,true
1253982,114244.7,272.0,2179847,2179847,1758593235456,true
1253983,114244.6,809.0,2179848,2179848,1758593235456,true
1253984,114295.8,46.0,2179849,2179850,1758593236674,true
1253985,114295.9,159.0,2179851,2179853,1758593247599,false
1253986,114295.9,70.0,2179854,2179855,1758593248912,false
1253987,114321.4,397.0,2179856,2179861,1758593252131,true
1253988,114319.7,2.0,2179862,2179862,1758593252131,true
1253989,114306.1,1.0,2179863,2179863,1758593252131,true
1253990,114295.8,24.0,2179864,2179864,1758593252131,true
1253991,114294.6,1.0,2179865,2179865,1758593252131,true
1253992,114283.1,14.0,2179866,2179867,1758593252131,true
1253993,114278.4,9.0,2179868,2179868,1758593252131,true
1253994,114273.3,10.0,2179869,2179869,1758593252131,true
1253995,114273.2,11.0,2179870,2179870,1758593252131,true
1253996,114273.1,10.0,2179871,2179871,1758593252131,true
1253997,114272.8,25.0,2179872,2179872,1758593252131,true
1253998,114271.6,1.0,2179873,2179873,1758593252131,true
1253999,114266.9,11.0,2179874,2179874,1758593252131,true
1254000,114262.1,319.0,2179875,2179877,1758593252131,true
1254001,114262.0,77.0,2179878,2179878,1758593252132,true
1254002,114295.0,23.0,2179879,2179879,1758593252273,false
1254003,114315.6,194.0,2179880,2179884,1758593263403,true
1254004,114315.1,2.0,2179885,2179885,1758593263404,true
1254005,114313.7,60.0,2179886,2179886,1758593263404,true
1254006,114313.6,200.0,2179887,2179887,1758593263404,true
1254007,114294.9,24.0,2179888,2179888,1758593263404,true
1254008,114294.6,1.0,2179889,2179889,1758593263404,true
1254009,114283.1,1.0,2179890,2179890,1758593263404,true
1254010,114274.7,16.0,2179891,2179891,1758593263404,true
1254011,114274.6,16.0,2179892,2179892,1758593263404,true
1254012,114274.5,16.0,2179893,2179893,1758593263404,true
1254013,114274.4,24.0,2179894,2179894,1758593263404,true
1254014,114273.5,34.0,2179895,2179895,1758593263404,true
1254015,114273.4,102.0,2179896,2179896,1758593263404,true
1254016,114271.6,1.0,2179897,2179897,1758593263404,true
1254017,114262.2,9.0,2179898,2179898,1758593263404,true
1254018,114262.1,284.0,2179899,2179900,1758593263404,true
1254019,114262.0,25.0,2179901,2179901,1758593263404,true
1254020,114261.3,25.0,2179902,2179902,1758593263404,true
1254021,114260.1,1.0,2179903,2179903,1758593263404,true
1254022,114258.2,125.0,2179904,2179904,1758593263404,true
1254023,114295.1,140.0,2179905,2179907,1758593264067,false
1254024,114309.1,25.0,2179908,2179908,1758593264068,false
1254025,114315.6,353.0,2179909,2179915,1758593274637,true
1254026,114315.6,80.0,2179916,2179932,1758593278289,true
1254027,114314.4,26.0,2179933,2179935,1758593278319,true
1254028,114304.6,173.0,2179936,2179938,1758593285234,false
1254029,114327.1,301.0,2179939,2179943,1758593285957,true
1254030,114317.1,2.0,2179944,2179944,1758593285957,true
1254031,114315.8,25.0,2179945,2179945,1758593285957,true
1254032,114306.1,1.0,2179946,2179946,1758593285957,true
1254033,114304.5,25.0,2179947,2179947,1758593285957,true
1254034,114294.6,1.0,2179948,2179948,1758593285957,true
1254035,114289.8,9.0,2179949,2179949,1758593285957,true
1254036,114283.6,11.0,2179950,2179950,1758593285957,true
1254037,114283.5,25.0,2179951,2179951,1758593285957,true
1254038,114283.1,1.0,2179952,2179952,1758593285957,true
1254039,114278.3,9.0,2179953,2179953,1758593285957,true
1254040,114272.3,11.0,2179954,2179954,1758593285957,true
1254041,114272.2,11.0,2179955,2179955,1758593285957,true
1254042,114272.1,11.0,2179956,2179956,1758593285958,true
1254043,114272.0,25.0,2179957,2179957,1758593285958,true
1254044,114271.6,1.0,2179958,2179958,1758593285958,true
1254045,114263.8,15.0,2179959,2179959,1758593285958,true
1254046,114262.5,18.0,2179960,2179960,1758593285958,true
1254047,114262.4,31.0,2179961,2179961,1758593285958,true
1254048,114262.3,102.0,2179962,2179962,1758593285958,true
1254049,114261.3,635.0,2179963,2179963,1758593285958,true
1254050,114327.1,50.0,2179964,2179966,1758593285963,true
1254051,114303.2,191.0,2179967,2179969,1758593286874,false
1254052,114314.7,3.0,2179970,2179970,1758593286885,false
1254053,114314.6,101.0,2179971,2179993,1758593292615,true
1254054,114314.6,58.0,2179994,2180021,1758593292716,true
1254055,114314.6,14.0,2180022,2180025,1758593292971,true
1254056,114294.1,152.0,2180026,2180026,1758593296575,true
1254057,114283.4,1.0,2180027,2180027,1758593305207,false
1254058,114283.4,123.0,2180028,2180030,1758593323154,false
1254059,114303.7,147.0,2180031,2180032,1758593327036,false
1254060,114314.5,21.0,2180033,2180033,1758593327814,true
1254061,114314.5,97.0,2180034,2180042,1758593328463,true
1254062,114307.5,62.0,2180043,2180043,1758593367232,false
1254063,114327.4,42.0,2180044,2180046,1758593368366,true
1254064,114327.4,24.0,2180047,2180049,1758593368476,true
1254065,114322.0,83.0,2180050,2180052,1758593381359,false
1254066,114352.0,66.0,2180053,2180053,1758593391050,false
1254067,114373.7,4.0,2180054,2180055,1758593400290,false
1254068,114391.6,57.0,2180056,2180056,1758593406306,false
1254069,114406.8,102.0,2180057,2180057,1758593406311,false
1254070,114409.7,24.0,2180058,2180058,1758593406311,false
1254071,114417.1,102.0,2180059,2180059,1758593406311,false
1254072,114420.6,4.0,2180060,2180060,1758593406314,false
1254073,114421.2,24.0,2180061,2180062,1758593406314,false
1254074,114427.4,99.0,2180063,2180063,1758593406317,false
1254075,114444.2,1.0,2180064,2180064,1758593407218,false
1254076,114467.1,27.0,2180065,2180068,1758593427750,true
1254077,114467.2,79.0,2180069,2180070,1758593434615,false
1254078,114478.0,105.0,2180071,2180084,1758593440380,true
1254079,114469.5,41.0,2180085,2180091,1758593440761,true
1254080,114451.5,54.0,2180092,2180095,1758593450331,true
1254081,114450.8,23.0,2180096,2180100,1758593450532,true
1254082,114438.7,3.0,2180101,2180101,1758593452398,false
1254083,114467.2,18.0,2180102,2180102,1758593462280,false
1254084,114478.1,63.0,2180103,2180104,1758593518948,false
1254085,114497.4,79.0,2180105,2180109,1758593519642,true
1254086,114467.1,16.0,2180110,2180116,1758593541969,true
1254087,114449.8,14.0,2180117,2180118,1758593559717,true
1254088,114449.8,237.0,2180119,2180132,1758593571010,true
1254089,114402.6,9.0,2180133,2180134,1758593707212,false
1254090,114421.1,8.0,2180135,2180137,1758593711320,true
1254091,114357.9,10.0,2180138,2180139,1758593727774,false
1254092,114379.2,9.0,2180140,2180142,1758593738011,true
1254093,114363.7,17.0,2180143,2180143,1758593742559,true
1254094,114363.7,7.0,2180144,2180147,1758593742709,true
1254095,114351.3,173.0,2180148,2180151,1758593744495,true
1254096,114329.0,11.0,2180152,2180154,1758593834790,false
1254097,114351.9,2.0,2180155,2180155,1758593853634,true
1254098,114340.9,2.0,2180156,2180156,1758593853772,true
1254099,114338.5,18.0,2180157,2180158,1758593853772,true
1254100,114333.5,60.0,2180159,2180163,1758593866135,true
1254101,114317.7,13.0,2180164,2180167,1758593880594,true
1254102,114317.1,3.0,2180168,2180168,1758593880603,true
1254103,114298.2,3.0,2180169,2180169,1758593883567,false
1254104,114278.0,5.0,2180170,2180171,1758593965264,false
1254105,114308.3,57.0,2180172,2180173,1758593976229,true
1254106,114308.4,4.0,2180174,2180174,1758593982848,false
1254107,114341.6,4.0,2180175,2180175,1758594007656,false
1254108,114361.3,20.0,2180176,2180179,1758594011999,true
1254109,114348.6,218.0,2180180,2180185,1758594034645,true
1254110,114347.6,107.0,2180186,2180186,1758594034646,true
1254111,114347.5,200.0,2180187,2180187,1758594034646,true
1254112,114343.0,108.0,2180188,2180188,1758594034646,true
1254113,114340.6,1.0,2180189,2180189,1758594034646,true
1254114,114339.8,14.0,2180190,2180190,1758594034650,true
1254115,114338.5,2.0,2180191,2180191,1758594034650,true
1254116,114337.1,24.0,2180192,2180192,1758594034650,true
1254117,114317.6,1.0,2180193,2180193,1758594034657,true
1254118,114308.1,31.0,2180194,2180194,1758594034657,true
1254119,114306.1,1.0,2180195,2180195,1758594034657,true
1254120,114305.7,1.0,2180196,2180196,1758594034721,true
1254121,114303.8,117.0,2180197,2180199,1758594036597,true
1254122,114303.4,107.0,2180200,2180200,1758594036597,true
1254123,114302.2,200.0,2180201,2180201,1758594036597,true
1254124,114296.6,108.0,2180202,2180202,1758594036597,true
1254125,114290.6,24.0,2180203,2180203,1758594036599,true
1254126,114256.9,36.0,2180204,2180209,1758594038992,false
1254127,114256.9,35.0,2180210,2180215,1758594039346,false
1254128,114261.9,5.0,2180216,2180216,1758594043317,true
1254129,114245.4,154.0,2180217,2180219,1758594059153,true
1254130,114243.6,107.0,2180220,2180220,1758594059153,true
1254131,114214.4,3.0,2180221,2180221,1758594059906,false
1254132,114236.8,3.0,2180222,2180222,1758594060809,true
1254133,114222.2,12.0,2180223,2180226,1758594067869,false
1254134,114237.1,3.0,2180227,2180227,1758594068962,true
1254135,114214.3,219.0,2180228,2180231,1758594070517,true
1254136,114213.9,43.0,2180232,2180232,1758594070517,true
1254137,114213.8,200.0,2180233,2180233,1758594070517,true
1254138,114210.6,24.0,2180234,2180234,1758594070517,true
1254139,114169.3,1.0,2180235,2180235,1758594071289,true
1254140,114152.9,104.0,2180236,2180271,1758594084044,false
1254141,114152.9,4.0,2180272,2180272,1758594084145,false
1254142,114157.9,22.0,2180273,2180275,1758594098012,false
1254143,114157.9,1.0,2180276,2180276,1758594098447,false
1254144,114179.5,2.0,2180277,2180278,1758594117417,false
1254145,114191.1,5.0,2180279,2180280,1758594118550,true
1254146,114161.1,5.0,2180281,2180281,1758594188685,true
1254147,114150.1,61.0,2180282,2180288,1758594194862,false
1254148,114154.7,2.0,2180289,2180289,1758594195046,false
1254149,114179.4,6.0,2180290,2180290,1758594203121,true
1254150,114161.8,56.0,2180291,2180292,1758594211657,true
1254151,114158.7,6.0,2180293,2180293,1758594211657,true
1254152,114150.0,20.0,2180294,2180294,1758594211657,true
1254153,114150.1,6.0,2180295,2180295,1758594239379,false
1254154,114151.2,57.0,2180296,2180296,1758594239379,false
1254155,114167.5,11.0,2180297,2180298,1758594261516,true
1254156,114150.0,3.0,2180299,2180299,1758594273817,true
1254157,114150.0,1.0,2180300,2180300,1758594294006,true
1254158,114141.3,243.0,2180301,2180302,1758594297014,true
1254159,114141.0,1.0,2180303,2180303,1758594297014,true
1254160,114116.1,8.0,2180304,2180305,1758594315534,false
1254161,114131.7,1.0,2180306,2180306,1758594317260,true
1254162,114116.7,5.0,2180307,2180310,1758594329630,false
1254163,114139.6,5.0,2180311,2180311,1758594330208,true
1254164,114139.6,5.0,2180312,2180312,1758594335755,true
1254165,114116.0,9.0,2180313,2180313,1758594341921,true
1254166,114100.7,3.0,2180314,2180314,1758594342278,true
1254167,114100.7,1.0,2180315,2180315,1758594369479,true
1254168,114100.7,7.0,2180316,2180318,1758594383133,true
1254169,114086.0,12.0,2180319,2180322,1758594411182,false
1254170,114077.4,6.0,2180323,2180323,1758594440590,true
1254171,114076.1,20.0,2180324,2180325,1758594440590,true
1254172,114065.8,85.0,2180326,2180335,1758594454330,false
1254173,114077.2,67.0,2180336,2180337,1758594474230,true
1254174,114057.0,1.0,2180338,2180338,1758594503604,false
1254175,114045.5,137.0,2180339,2180341,1758594509698,true
1254176,114045.4,18.0,2180342,2180342,1758594509698,true
1254177,114044.3,17.0,2180343,2180343,1758594509698,true
1254178,114044.2,20.0,2180344,2180344,1758594509698,true
1254179,114043.3,19.0,2180345,2180345,1758594509698,true
1254180,114032.7,66.0,2180346,2180350,1758594527203,false
1254181,114050.0,69.0,2180351,2180352,1758594556308,true
1254182,114030.1,2.0,2180353,2180353,1758594573811,true
1254183,114030.2,62.0,2180354,2180356,1758594585539,false
1254184,114031.9,3.0,2180357,2180358,1758594603257,false
1254185,114040.6,1.0,2180359,2180359,1758594603490,false
1254186,114041.7,1.0,2180360,2180360,1758594603500,false
1254187,114064.7,24.0,2180361,2180363,1758594604075,false
1254188,114087.9,16.0,2180364,2180364,1758594604657,false
1254189,114099.1,6.0,2180365,2180365,1758594610483,true
1254190,114070.7,21.0,2180366,2180369,1758594614243,false
1254191,114099.1,515.0,2180370,2180413,1758594632018,true
1254192,114099.1,289.0,2180414,2180429,1758594632123,true
1254193,114099.1,109.0,2180430,2180435,1758594632228,true
1254194,114099.1,140.0,2180436,2180441,1758594632372,true
1254195,114099.1,501.0,2180442,2180451,1758594632490,true
1254196,114064.9,6.0,2180452,2180452,1758594632641,true
1254197,114060.2,37.0,2180453,2180453,1758594632647,true
1254198,114054.4,5.0,2180454,2180454,1758594632647,true
1254199,114054.5,1.0,2180455,2180455,1758594641245,false
1254200,114054.5,162.0,2180456,2180467,1758594668868,false
1254201,114100.1,2.0,2180468,2180468,1758594714612,false
1254202,114105.8,2.0,2180469,2180469,1758594720961,true
1254203,114093.9,2.0,2180470,2180470,1758594728438,true
1254204,114037.0,114.0,2180471,2180474,1758594758990,false
1254205,114037.0,2.0,2180475,2180475,1758594765336,false
1254206,114038.4,2.0,2180476,2180476,1758594765346,false
1254207,114053.1,56.0,2180477,2180478,1758594765906,true
1254208,114041.7,12.0,2180479,2180481,1758594780307,false
1254209,114057.2,2.0,2180482,2180483,1758594799307,true
1254210,114029.7,2.0,2180484,2180484,1758594802054,false
1254211,114032.5,108.0,2180485,2180485,1758594802058,false
1254212,114041.6,114.0,2180486,2180489,1758594820082,false
1254213,114041.6,1.0,2180490,2180490,1758594831327,false
1254214,114053.1,4.0,2180491,2180491,1758594851966,true
1254215,114024.3,20.0,2180492,2180493,1758594858558,false
1254216,114026.1,1.0,2180494,2180494,1758594858562,false
1254217,114037.1,6.0,2180495,2180496,1758594877029,false
1254218,114053.2,68.0,2180497,2180499,1758594884663,false
1254219,114054.5,125.0,2180500,2180500,1758594884663,false
1254220,114054.6,2.0,2180501,2180501,1758594884670,false
1254221,114087.5,5.0,2180502,2180502,1758594888420,true
1254222,114065.5,2.0,2180503,2180503,1758594890927,false
1254223,114070.3,3.0,2180504,2180505,1758594900515,false
1254224,114133.6,4.0,2180506,2180506,1758594976169,true
1254225,114076.7,4.0,2180507,2180508,1758595002235,false
1254226,114118.1,31.0,2180509,2180511,1758595050588,true
1254227,114087.6,48.0,2180512,2180514,1758595050739,true
1254228,114057.5,55.0,2180515,2180523,1758595072196,false
1254229,114094.3,3.0,2180524,2180524,1758595080464,true
1254230,114072.1,2.0,2180525,2180525,1758595107125,false
1254231,114074.1,1.0,2180526,2180526,1758595146755,false
1254232,114088.3,3.0,2180527,2180527,1758595161828,true
1254233,114067.5,3.0,2180528,2180529,1758595216241,false
1254234,114087.6,4.0,2180530,2180531,1758595233504,true
1254235,114048.6,100.0,2180532,2180534,1758595256923,false
1254236,114048.6,3.0,2180535,2180536,1758595279169,false
1254237,114076.1,3.0,2180537,2180537,1758595337727,true
1254238,114059.8,135.0,2180538,2180541,1758595384910,false
1254239,114059.7,3.0,2180542,2180542,1758595388047,true
1254240,114035.9,3.0,2180543,2180543,1758595443214,false
1254241,114053.1,39.0,2180544,2180545,1758595472828,true
1254242,114053.1,8.0,2180546,2180546,1758595479428,true
1254243,114052.4,10.0,2180547,2180551,1758595479726,true
1254244,114028.1,9.0,2180552,2180553,1758595504443,false
1254245,114037.1,62.0,2180554,2180557,1758595545886,false
1254246,114037.0,57.0,2180558,2180558,1758595554384,true
1254247,114028.1,10.0,2180559,2180560,1758595571557,false
1254248,114028.1,1.0,2180561,2180561,1758595618177,false
1254249,114028.1,4.0,2180562,2180562,1758595644805,false
1254250,114047.4,69.0,2180563,2180564,1758595753260,true
1254251,114028.1,16.0,2180565,2180565,1758595753263,true
1254252,114028.0,100.0,2180566,2180566,1758595753264,true
1254253,114017.7,1.0,2180567,2180567,1758595753289,true
1254254,114011.0,88.0,2180568,2180600,1758595764563,true
1254255,114011.0,1.0,2180601,2180601,1758595764770,true
1254256,114001.9,138.0,2180602,2180604,1758595765351,true
1254257,114001.6,725.0,2180605,2180622,1758595779981,true
1254258,114001.6,1088.0,2180623,2180646,1758595780083,true
1254259,114000.0,73.0,2180647,2180652,1758595780133,true
1254260,114000.0,175.0,2180653,2180656,1758595780334,true
1254261,114000.0,52.0,2180657,2180658,1758595780549,true
1254262,113985.1,2.0,2180659,2180660,1758595801315,false
1254263,113985.1,1.0,2180661,2180661,1758595802204,false
1254264,113985.1,1.0,2180662,2180662,1758595804181,false
1254265,113985.1,2.0,2180663,2180663,1758595810864,false
1254266,114006.6,15.0,2180664,2180665,1758595817897,false
1254267,114006.5,4.0,2180666,2180667,1758595847008,true
1254268,113985.1,5.0,2180668,2180669,1758595899367,false
1254269,113990.5,108.0,2180670,2180670,1758595899381,false
1254270,114005.8,23.0,2180671,2180672,1758595952526,true
1254271,114005.8,29.0,2180673,2180673,1758595984251,true
1254272,114005.8,14.0,2180674,2180675,1758596000605,true
1254273,113990.5,1.0,2180676,2180676,1758596025838,true
1254274,113990.5,83.0,2180677,2180677,1758596039551,true
1254275,113990.5,90.0,2180678,2180678,1758596040243,true
1254276,113990.5,383.0,2180679,2180679,1758596040745,true
1254277,113990.5,1011.0,2180680,2180707,1758596041115,true
1254278,113990.5,1.0,2180708,2180708,1758596041245,true
1254279,113990.5,89.0,2180709,2180709,1758596041413,true
1254280,113990.5,120.0,2180710,2180712,1758596041562,true
1254281,113990.5,1222.0,2180713,2180713,1758596041826,true
1254282,113985.0,21.0,2180714,2180716,1758596041831,true
1254283,113951.1,40.0,2180717,2180718,1758596041922,true
1254284,113950.0,1.0,2180719,2180719,1758596041981,true
1254285,113942.0,47.0,2180720,2180720,1758596041987,true
1254286,113942.0,1.0,2180721,2180721,1758596068465,true
1254287,113942.0,138.0,2180722,2180724,1758596069376,true
1254288,113903.6,14.0,2180725,2180725,1758596069520,true
1254289,113903.6,1.0,2180726,2180726,1758596085953,true
1254290,113900.0,1.0,2180727,2180727,1758596085972,true
1254291,113887.3,1.0,2180728,2180728,1758596085972,true
1254292,113881.9,1.0,2180729,2180729,1758596086639,false
1254293,113873.9,7.0,2180730,2180731,1758596091044,true
1254294,113868.8,3.0,2180732,2180732,1758596091079,true
1254295,113864.2,9.0,2180733,2180733,1758596091106,true
1254296,113861.1,8.0,2180734,2180734,1758596091106,true
1254297,113850.8,1.0,2180735,2180735,1758596091106,true
1254298,113846.1,1.0,2180736,2180736,1758596091106,true
1254299,113844.5,16.0,2180737,2180737,1758596091119,true
1254300,113843.2,3.0,2180738,2180738,1758596091119,true
1254301,113838.0,1.0,2180739,2180739,1758596091119,true
1254302,113824.3,16.0,2180740,2180740,1758596091119,true
1254303,113823.1,69.0,2180741,2180742,1758596091178,true
1254304,113815.3,5.0,2180743,2180743,1758596091181,true
1254305,113813.7,2.0,2180744,2180744,1758596091783,false
1254306,113823.2,1.0,2180745,2180745,1758596091946,false
1254307,113823.1,159.0,2180746,2180749,1758596092018,true
1254308,113805.8,76.0,2180750,2180750,1758596093042,true
1254309,113800.0,2.0,2180751,2180752,1758596093096,true
1254310,113795.9,1.0,2180753,2180753,1758596093096,true
1254311,113789.4,15.0,2180754,2180754,1758596093129,true
1254312,113782.6,1.0,2180755,2180755,1758596093129,true
1254313,113775.0,24.0,2180756,2180756,1758596093129,true
1254314,113775.0,348.0,2180757,2180758,1758596094355,true
1254315,113766.9,1.0,2180759,2180759,1758596094371,true
1254316,113760.3,1.0,2180760,2180760,1758596094371,true
1254317,113750.0,40.0,2180761,2180764,1758596095094,true
1254318,113750.0,49.0,2180765,2180767,1758596096044,true
1254319,113743.1,186.0,2180768,2180771,1758596096048,true
1254320,113721.8,234.0,2180772,2180775,1758596098040,true
1254321,113711.0,20.0,2180776,2180776,1758596098043,true
1254322,113706.3,2.0,2180777,2180777,1758596098814,false
1254323,113721.9,1.0,2180778,2180778,1758596100516,true
1254324,113706.3,24.0,2180779,2180779,1758596100522,true
1254325,113706.2,1.0,2180780,2180780,1758596100522,true
1254326,113705.6,3.0,2180781,2180781,1758596100522,true
1254327,113704.0,1.0,2180782,2180782,1758596100522,true
1254328,113700.0,1.0,2180783,2180783,1758596100545,true
1254329,113690.0,1.0,2180784,2180784,1758596101365,true
1254330,113690.0,1.0,2180785,2180785,1758596102103,true
1254331,113690.0,1.0,2180786,2180786,1758596102263,true
1254332,113690.0,5.0,2180787,2180787,1758596103018,true
1254333,113690.1,1.0,2180788,2180788,1758596103980,false
1254334,113690.1,2.0,2180789,2180790,1758596104325,false
1254335,113700.4,42.0,2180791,2180794,1758596105237,false
1254336,113700.4,37.0,2180795,2180797,1758596105391,false
1254337,113719.7,81.0,2180798,2180805,1758596106587,false
1254338,113731.0,35.0,2180806,2180810,1758596107540,false
1254339,113731.0,17.0,2180811,2180813,1758596107693,false
1254340,113732.3,1.0,2180814,2180814,1758596107704,false
1254341,113742.7,50.0,2180815,2180816,1758596109048,false
1254342,113742.6,109.0,2180817,2180818,1758596109261,true
1254343,113742.6,46.0,2180819,2180822,1758596109371,true
1254344,113739.9,2.0,2180823,2180823,1758596109377,true
1254345,113739.9,2.0,2180824,2180825,1758596109579,true
1254346,113731.0,20.0,2180826,2180826,1758596109684,true
1254347,113725.4,20.0,2180827,2180827,1758596109688,true
1254348,113719.6,8.0,2180828,2180829,1758596109692,true
1254349,113719.6,75.0,2180830,2180832,1758596110005,true
1254350,113710.5,21.0,2180833,2180834,1758596110021,true
1254351,113708.3,1.0,2180835,2180835,1758596110189,false
1254352,113710.6,20.0,2180836,2180836,1758596110523,false
1254353,113710.6,17.0,2180837,2180837,1758596111930,false
1254354,113710.6,79.0,2180838,2180844,1758596113639,false
1254355,113713.0,200.0,2180845,2180845,1758596113645,false
1254356,113731.1,1.0,2180846,2180846,1758596115487,true
1254357,113712.9,48.0,2180847,2180848,1758596115577,true
1254358,113713.0,40.0,2180849,2180852,1758596116604,false
1254359,113730.9,2.0,2180853,2180853,1758596119265,true
1254360,113710.7,2.0,2180854,2180854,1758596121365,false
1254361,113731.1,2.0,2180855,2180855,1758596122204,true
1254362,113731.1,2.0,2180856,2180856,1758596126634,true
1254363,113710.7,56.0,2180857,2180859,1758596127873,false
1254364,113738.9,172.0,2180860,2180864,1758596132074,false
1254365,113749.6,2.0,2180865,2180865,1758596132700,false
1254366,113765.6,18.0,2180866,2180866,1758596133260,true
1254367,113765.7,19.0,2180867,2180867,1758596135022,false
1254368,113783.8,65.0,2180868,2180869,1758596136782,false
1254369,113798.2,17.0,2180870,2180870,1758596136994,true
1254370,113825.5,11.0,2180871,2180871,1758596149546,false
1254371,113828.1,13.0,2180872,2180872,1758596152474,false
1254372,113846.2,28.0,2180873,2180874,1758596155095,false
1254373,113857.7,26.0,2180875,2180875,1758596156986,false
1254374,113872.5,1.0,2180876,2180876,1758596157733,true
1254375,113872.5,1.0,2180877,2180877,1758596159238,true
1254376,113846.1,1.0,2180878,2180878,1758596159946,true
1254377,113846.1,1.0,2180879,2180879,1758596161083,true
1254378,113817.2,4.0,2180880,2180881,1758596161566,false
1254379,113866.7,2.0,2180882,2180882,1758596162084,true
1254380,113828.2,2.0,2180883,2180883,1758596164902,false
1254381,113853.4,2.0,2180884,2180884,1758596165758,true
1254382,113828.3,2.0,2180885,2180885,1758596167266,false
1254383,113841.4,2.0,2180886,2180886,1758596169716,false
1254384,113846.8,1.0,2180887,2180887,1758596169804,false
1254385,113871.6,2.0,2180888,2180888,1758596174650,true
1254386,113847.9,2.0,2180889,2180889,1758596175414,false
1254387,113854.2,2.0,2180890,2180890,1758596179893,true
1254388,113853.9,48.0,2180891,2180891,1758596180687,true
1254389,113853.9,48.0,2180892,2180893,1758596181377,true
1254390,113853.9,113.0,2180894,2180901,1758596181695,true
1254391,113853.9,352.0,2180902,2180903,1758596181802,true
1254392,113847.7,48.0,2180904,2180904,1758596185477,true
1254393,113847.7,7.0,2180905,2180905,1758596186489,true
1254394,113845.1,41.0,2180906,2180906,1758596186496,true
1254395,113845.2,51.0,2180907,2180909,1758596199111,false
1254396,113873.5,1.0,2180910,2180910,1758596208279,false
1254397,113882.9,2.0,2180911,2180911,1758596221196,true
1254398,113852.2,48.0,2180912,2180913,1758596221297,true
1254399,113852.3,53.0,2180914,2180921,1758596261551,false
1254400,113879.9,3.0,2180922,2180922,1758596266027,true
1254401,113866.3,3.0,2180923,2180923,1758596294413,false
1254402,113887.6,26.0,2180924,2180928,1758596330473,true
1254403,113857.7,6.0,2180929,2180930,1758596335393,false
1254404,113878.7,5.0,2180931,2180932,1758596344352,true
1254405,113846.2,48.0,2180933,2180933,1758596351194,true
1254406,113829.8,53.0,2180934,2180936,1758596371584,false
1254407,113846.1,5.0,2180937,2180937,1758596384558,true
1254408,113845.9,59.0,2180938,2180938,1758596384558,true
1254409,113823.5,4.0,2180939,2180940,1758596391147,true
1254410,113792.6,81.0,2180941,2180943,1758596409283,false
1254411,113793.4,44.0,2180944,2180944,1758596409284,false
1254412,113792.6,3.0,2180945,2180945,1758596410328,false
1254413,113793.4,3.0,2180946,2180946,1758596416742,true
1254414,113736.1,83.0,2180947,2180948,1758596421720,true
1254415,113725.1,56.0,2180949,2180952,1758596424858,false
1254416,113765.6,6.0,2180953,2180954,1758596437138,true
1254417,113777.1,5.0,2180955,2180956,1758596450816,true
1254418,113748.6,5.0,2180957,2180957,1758596463081,false
1254419,113765.7,100.0,2180958,2180961,1758596464216,false
1254420,113765.6,5.0,2180962,2180962,1758596469259,true
1254421,113734.7,6.0,2180963,2180965,1758596472181,false
1254422,113754.2,65.0,2180966,2180967,1758596472663,false
1254423,113777.1,1.0,2180968,2180968,1758596476169,false
1254424,113788.6,5.0,2180969,2180970,1758596478980,true
1254425,113755.8,5.0,2180971,2180971,1758596485861,true
1254426,113755.4,60.0,2180972,2180972,1758596485861,true
1254427,113713.7,145.0,2180973,2180975,1758596498202,false
1254428,113719.3,200.0,2180976,2180976,1758596498202,false
1254429,113731.1,4.0,2180977,2180977,1758596533072,true
1254430,113706.1,48.0,2180978,2180985,1758596535843,true
1254431,113706.1,10.0,2180986,2180986,1758596542604,true
1254432,113706.2,53.0,2180987,2180991,1758596545539,false
1254433,113706.5,65.0,2180992,2180992,1758596545544,false
1254434,113713.7,2.0,2180993,2180993,1758596545547,false
1254435,113731.1,1.0,2180994,2180994,1758596546727,true
1254436,113731.2,5.0,2180995,2180996,1758596554900,false
1254437,113742.7,7.0,2180997,2180998,1758596557296,false
1254438,113782.1,1.0,2180999,2180999,1758596580265,false
1254439,113800.1,7.0,2181000,2181001,1758596584749,true
1254440,113769.6,13.0,2181002,2181006,1758596584893,true
1254441,113728.8,9.0,2181007,2181008,1758596593820,false
1254442,113765.6,72.0,2181009,2181010,1758596609350,true
1254443,113717.7,277.0,2181011,2181016,1758596623509,false
1254444,113726.5,41.0,2181017,2181017,1758596623509,false
1254445,113723.6,296.0,2181018,2181023,1758596625329,false
1254446,113724.2,22.0,2181024,2181024,1758596625329,false
1254447,113731.2,14.0,2181025,2181026,1758596640340,false
1254448,113742.6,103.0,2181027,2181029,1758596663342,true
1254449,113719.7,6.0,2181030,2181031,1758596670676,true
1254450,113697.0,2.0,2181032,2181032,1758596685215,true
1254451,113697.0,48.0,2181033,2181033,1758596686357,true
1254452,113696.6,59.0,2181034,2181034,1758596686357,true
1254453,113690.0,14.0,2181035,2181035,1758596686357,true
1254454,113688.6,5.0,2181036,2181036,1758596686357,true
1254455,113678.1,50.0,2181037,2181037,1758596686404,false
1254456,113678.0,48.0,2181038,2181039,1758596686414,true
1254457,113678.0,1.0,2181040,2181040,1758596695571,true
1254458,113676.0,1.0,2181041,2181041,1758596702713,true
1254459,113674.9,69.0,2181042,2181043,1758596703026,true
1254460,113673.4,1.0,2181044,2181044,1758596703026,true
1254461,113660.7,48.0,2181045,2181045,1758596704597,true
1254462,113660.8,55.0,2181046,2181048,1758596706768,false
1254463,113673.6,1.0,2181049,2181049,1758596711475,true
1254464,113673.6,69.0,2181050,2181051,1758596723548,true
1254465,113660.8,1.0,2181052,2181052,1758596726448,false
1254466,113660.8,44.0,2181053,2181059,1758596727616,false
1254467,113705.8,1.0,2181060,2181060,1758596760069,true
1254468,113705.8,4.0,2181061,2181061,1758596767295,true
1254469,113673.8,8.0,2181062,2181064,1758596773296,false
1254470,113690.5,4.0,2181065,2181065,1758596797531,true
1254471,113660.8,40.0,2181066,2181066,1758596806566,true
1254472,113660.7,1.0,2181067,2181067,1758596806570,true
1254473,113660.7,601.0,2181068,2181070,1758596807146,true
1254474,113660.7,1163.0,2181071,2181089,1758596807431,true
1254475,113631.6,2.0,2181090,2181090,1758596814055,false
1254476,113631.6,3.0,2181091,2181091,1758596818426,false
1254477,113649.9,3.0,2181092,2181092,1758596827110,true
1254478,113636.1,3.0,2181093,2181093,1758596827157,true
1254479,113631.5,29.0,2181094,2181096,1758596827236,true
1254480,113627.6,3.0,2181097,2181097,1758596827244,true
1254481,113627.7,3.0,2181098,2181098,1758596827550,false
1254482,113629.3,26.0,2181099,2181101,1758596827714,false
1254483,113633.5,3.0,2181102,2181102,1758596830051,true
1254484,113625.1,4.0,2181103,2181105,1758596845721,false
1254485,113638.5,86.0,2181106,2181108,1758596856513,true
1254486,113625.1,8.0,2181109,2181111,1758596875101,false
1254487,113639.2,12.0,2181112,2181114,1758596881150,false
1254488,113650.6,69.0,2181115,2181116,1758596896378,true
1254489,113625.0,85.0,2181117,2181118,1758596915597,true
1254490,113615.2,47.0,2181119,2181119,1758596916718,true
1254491,113615.2,19.0,2181120,2181121,1758596916993,true
1254492,113612.9,9.0,2181122,2181122,1758596917053,true
1254493,113609.3,60.0,2181123,2181123,1758596917102,true
1254494,113604.0,1.0,2181124,2181124,1758596917127,true
1254495,113600.0,19.0,2181125,2181128,1758596917156,true
1254496,113582.9,24.0,2181129,2181129,1758596917162,true
1254497,113581.3,5.0,2181130,2181130,1758596917168,true
1254498,113578.7,42.0,2181131,2181131,1758596926916,false
1254499,113578.6,18.0,2181132,2181132,1758596937729,true
1254500,113577.6,17.0,2181133,2181133,1758596937729,true
1254501,113576.5,19.0,2181134,2181134,1758596937729,true
1254502,113566.1,1.0,2181135,2181135,1758596947701,true
1254503,113566.1,1.0,2181136,2181136,1758596973085,true
1254504,113566.2,54.0,2181137,2181141,1758596979464,false
1254505,113577.4,87.0,2181142,2181144,1758596988106,false
1254506,113577.4,3.0,2181145,2181145,1758596997101,false
1254507,113584.3,127.0,2181146,2181148,1758597001323,false
1254508,113594.1,129.0,2181149,2181153,1758597001511,false
1254509,113604.6,4.0,2181154,2181156,1758597006384,true
1254510,113577.4,20.0,2181157,2181159,1758597021919,false
1254511,113577.4,27.0,2181160,2181161,1758597035349,false
1254512,113590.5,6.0,2181162,2181163,1758597059220,true
1254513,113589.4,5.0,2181164,2181164,1758597068101,true
1254514,113566.8,1.0,2181165,2181165,1758597084525,true
1254515,113566.7,20.0,2181166,2181167,1758597084525,true
1254516,113561.4,1.0,2181168,2181168,1758597084554,true
1254517,113550.8,1.0,2181169,2181169,1758597084572,true
1254518,113544.5,186.0,2181170,2181171,1758597084625,true
1254519,113530.6,5.0,2181172,2181172,1758597084658,true
1254520,113520.0,61.0,2181173,2181178,1758597084737,true
1254521,113515.6,2.0,2181179,2181179,1758597084755,true
1254522,113507.7,5.0,2181180,2181180,1758597084762,true
1254523,113500.0,321.0,2181181,2181188,1758597084764,true
1254524,113483.9,6.0,2181189,2181189,1758597084879,true
1254525,113474.1,5.0,2181190,2181193,1758597085394,false
1254526,113479.5,2.0,2181194,2181195,1758597085457,false
1254527,113479.4,200.0,2181196,2181202,1758597087018,true
1254528,113474.3,116.0,2181203,2181203,1758597087018,true
1254529,113474.2,182.0,2181204,2181205,1758597087018,true
1254530,113479.4,71.0,2181206,2181206,1758597087048,false
1254531,113479.4,5.0,2181207,2181207,1758597087153,false
1254532,113485.4,404.0,2181208,2181248,1758597087650,false
1254533,113512.6,5.0,2181249,2181249,1758597102312,true
1254534,113496.0,4.0,2181250,2181251,1758597102849,true
1254535,113479.2,4.0,2181252,2181252,1758597112670,false
1254536,113485.6,55.0,2181253,2181253,1758597114208,false
1254537,113523.5,174.0,2181254,2181261,1758597123132,false
1254538,113533.4,61.0,2181262,2181262,1758597123902,false
1254539,113558.7,33.0,2181263,2181265,1758597126662,false
1254540,113602.0,15.0,2181266,2181269,1758597129776,false
1254541,113602.0,63.0,2181270,2181278,1758597129961,false
1254542,113626.6,4.0,2181279,2181280,1758597134391,true
1254543,113601.9,3.0,2181281,2181281,1758597136812,true
1254544,113584.1,3.0,2181282,2181282,1758597137793,true
1254545,113545.0,49.0,2181283,2181283,1758597149132,false
1254546,113545.0,6.0,2181284,2181285,1758597149274,false
1254547,113570.2,13.0,2181286,2181289,1758597155550,false
1254548,113573.1,3.0,2181290,2181290,1758597155589,false
1254549,113592.1,12.0,2181291,2181291,1758597160324,false
1254550,113609.4,4.0,2181292,2181292,1758597162021,false
1254551,113645.2,27.0,2181293,2181295,1758597172597,false
1254552,113664.8,34.0,2181296,2181297,1758597176520,false
1254553,113690.5,4.0,2181298,2181300,1758597178612,true
1254554,113683.8,63.0,2181301,2181303,1758597185431,true
1254555,113670.1,1.0,2181304,2181304,1758597186225,false
1254556,113680.0,303.0,2181305,2181313,1758597190100,false
1254557,113680.0,57.0,2181314,2181322,1758597206439,false
1254558,113695.3,33.0,2181323,2181323,1758597214576,false
1254559,113718.9,265.0,2181324,2181328,1758597222402,true
1254560,113715.6,182.0,2181329,2181334,1758597227849,true
1254561,113715.5,3.0,2181335,2181335,1758597228193,false
1254562,113715.6,16.0,2181336,2181337,1758597244039,false
1254563,113715.7,59.0,2181338,2181339,1758597244045,false
1254564,113726.8,56.0,2181340,2181340,1758597262728,false
1254565,113742.5,57.0,2181341,2181341,1758597267425,false
1254566,113743.1,41.0,2181342,2181342,1758597267426,false
1254567,113743.1,200.0,2181343,2181344,1758597277744,false
1254568,113750.0,65.0,2181345,2181346,1758597279580,false
1254569,113799.6,57.0,2181347,2181349,1758597291820,true
1254570,113799.7,134.0,2181350,2181353,1758597295643,false
1254571,113800.1,3.0,2181354,2181354,1758597301562,true
1254572,113760.6,58.0,2181355,2181356,1758597302703,false
1254573,113786.0,3.0,2181357,2181357,1758597310047,false
1254574,113811.6,1.0,2181358,2181358,1758597310132,false
1254575,113811.6,3.0,2181359,2181359,1758597311473,false
1254576,113815.3,5.0,2181360,2181361,1758597320243,false
1254577,113834.7,5.0,2181362,2181363,1758597328585,false
1254578,113846.2,1.0,2181364,2181364,1758597328585,false
1254579,113848.1,60.0,2181365,2181365,1758597328585,false
1254580,113848.2,200.0,2181366,2181366,1758597328585,false
1254581,113850.7,19.0,2181367,2181368,1758597331817,false
1254582,113850.8,1.0,2181369,2181369,1758597332088,false
1254583,113861.0,37.0,2181370,2181373,1758597342689,true
1254584,113861.0,17.0,2181374,2181378,1758597343030,true
1254585,113850.0,737.0,2181379,2181397,1758597343430,true
1254586,113817.6,3.0,2181398,2181399,1758597345468,false
1254587,113832.6,56.0,2181400,2181402,1758597349847,true
1254588,113802.8,48.0,2181403,2181404,1758597350451,true
1254589,113802.9,106.0,2181405,2181408,1758597357180,false
1254590,113814.9,1.0,2181409,2181409,1758597360480,false
1254591,113823.1,3.0,2181410,2181410,1758597363240,true
1254592,113815.8,46.0,2181411,2181413,1758597369880,false
1254593,113828.0,100.0,2181414,2181416,1758597380423,false
1254594,113841.2,1.0,2181417,2181417,1758597382187,false
1254595,113841.4,3.0,2181418,2181418,1758597382711,true
1254596,113841.2,4.0,2181419,2181420,1758597386439,false
1254597,113857.6,3.0,2181421,2181421,1758597397103,true
1254598,113829.8,3.0,2181422,2181424,1758597400974,false
1254599,113857.6,1.0,2181425,2181425,1758597404548,false
1254600,113861.1,8.0,2181426,2181427,1758597406350,false
1254601,113864.2,9.0,2181428,2181429,1758597426016,false
1254602,113914.4,1.0,2181430,2181430,1758597443397,false
1254603,113922.9,2.0,2181431,2181431,1758597446436,false
1254604,113929.7,3.0,2181432,2181432,1758597448345,true
1254605,113928.8,1.0,2181433,2181433,1758597448638,true
1254606,113914.4,3.0,2181434,2181434,1758597450181,false
1254607,113921.1,3.0,2181435,2181436,1758597453264,true
1254608,113889.8,48.0,2181437,2181438,1758597455416,true
1254609,113889.9,51.0,2181439,2181440,1758597456984,false
1254610,113942.0,186.0,2181441,2181441,1758597480070,false
1254611,113950.0,2.0,2181442,2181443,1758597480558,false
1254612,113951.1,5.0,2181444,2181444,1758597480620,false
1254613,113967.9,3.0,2181445,2181445,1758597481156,false
1254614,113981.0,3.0,2181446,2181446,1758597482521,true
1254615,113961.2,3.0,2181447,2181447,1758597483487,true
1254616,113954.5,3.0,2181448,2181448,1758597491442,false
1254617,113969.0,3.0,2181449,2181450,1758597497942,false
1254618,113999.9,4.0,2181451,2181452,1758597506301,true
1254619,114000.0,23.0,2181453,2181454,1758597527405,false
1254620,114001.6,467.0,2181455,2181455,1758597528026,false
1254621,114001.6,473.0,2181456,2181456,1758597533070,false
1254622,114001.6,873.0,2181457,2181457,1758597533955,false
1254623,114005.9,74.0,2181458,2181460,1758597540451,true
1254624,113992.0,44.0,2181461,2181462,1758597541931,false
1254625,113992.0,6.0,2181463,2181463,1758597547812,false
1254626,113992.0,1.0,2181464,2181464,1758597548015,false
1254627,114017.7,1.0,2181465,2181465,1758597552158,false
1254628,114030.2,1.0,2181466,2181466,1758597559385,false
1254629,114043.3,47.0,2181467,2181468,1758597560828,false
1254630,114044.3,17.0,2181469,2181469,1758597561286,false
1254631,114045.4,18.0,2181470,2181470,1758597561289,false
1254632,114064.6,7.0,2181471,2181472,1758597563050,true
1254633,114062.3,7.0,2181473,2181473,1758597583814,false
1254634,114087.6,21.0,2181474,2181477,1758597589907,true
1254635,114043.1,33.0,2181478,2181478,1758597590212,true
1254636,114043.2,8.0,2181479,2181479,1758597602219,false
1254637,114062.4,1.0,2181480,2181480,1758597614359,false
1254638,114099.2,32.0,2181481,2181483,1758597634234,false
1254639,114100.7,5.0,2181484,2181484,1758597634234,false
1254640,114106.0,19.0,2181485,2181485,1758597634234,false
1254641,114116.0,9.0,2181486,2181487,1758597640853,false
1254642,114141.0,1.0,2181488,2181488,1758597647264,false
1254643,114141.3,194.0,2181489,2181490,1758597648039,false
1254644,114155.5,1.0,2181491,2181491,1758597651235,false
1254645,114162.0,1.0,2181492,2181492,1758597651235,false
1254646,114169.8,83.0,2181493,2181496,1758597656993,false
1254647,114202.6,4.0,2181497,2181497,1758597664634,true
1254648,114188.8,4.0,2181498,2181498,1758597665880,true
1254649,114181.3,4.0,2181499,2181499,1758597665927,true
1254650,114169.9,315.0,2181500,2181511,1758597667543,false
1254651,114170.1,200.0,2181512,2181512,1758597667544,false
1254652,114204.8,1.0,2181513,2181513,1758597672167,false
1254653,114208.6,1.0,2181514,2181514,1758597672427,false
1254654,114214.3,5.0,2181515,2181515,1758597675183,false
1254655,114222.2,8.0,2181516,2181516,1758597677132,false
1254656,114237.2,6.0,2181517,2181518,1758597684993,false
1254657,114248.6,4.0,2181519,2181519,1758597689112,true
1254658,114237.2,142.0,2181520,2181520,1758597689349,true
1254659,114236.4,1.0,2181521,2181521,1758597689944,false
1254660,114207.4,6.0,2181522,2181522,1758597690611,true
1254661,114192.8,5.0,2181523,2181524,1758597703353,false
1254662,114211.3,4.0,2181525,2181525,1758597705574,true
1254663,114179.6,15.0,2181526,2181528,1758597710801,false
1254664,114202.6,5.0,2181529,2181530,1758597721649,true
1254665,114188.7,59.0,2181531,2181531,1758597725127,true
1254666,114188.8,3.0,2181532,2181532,1758597728747,false
1254667,114188.8,1.0,2181533,2181533,1758597728968,false
1254668,114232.7,59.0,2181534,2181535,1758597755070,false
1254669,114250.0,25.0,2181536,2181539,1758597755765,false
1254670,114293.2,4.0,2181540,2181541,1758597761238,true
1254671,114279.3,62.0,2181542,2181544,1758597766583,true
1254672,114271.6,1.0,2181545,2181545,1758597766584,true
1254673,114268.4,12.0,2181546,2181546,1758597766584,true
1254674,114187.4,27.0,2181547,2181548,1758597778273,false
1254675,114202.6,2.0,2181549,2181549,1758597781887,true
1254676,114175.2,7.0,2181550,2181550,1758597792352,false
1254677,114175.2,2.0,2181551,2181552,1758597801704,false
1254678,114191.2,4.0,2181553,2181554,1758597810378,false
1254679,114202.7,2.0,2181555,2181556,1758597810739,false
1254680,114214.1,56.0,2181557,2181558,1758597818284,true
1254681,114204.3,2.0,2181559,2181559,1758597818288,true
1254682,114211.0,3.0,2181560,2181560,1758597841737,true
1254683,114188.8,48.0,2181561,2181562,1758597841886,true
1254684,114183.1,55.0,2181563,2181571,1758597846352,false
1254685,114202.0,3.0,2181572,2181572,1758597878681,true
1254686,114179.7,55.0,2181573,2181573,1758597903591,false
1254687,114191.2,1.0,2181574,2181574,1758597914798,false
1254688,114225.7,16.0,2181575,2181576,1758597925673,false
1254689,114266.0,53.0,2181577,2181577,1758597942600,false
1254690,114283.2,24.0,2181578,2181580,1758597943317,false
1254691,114294.7,2.0,2181581,2181582,1758597944355,false
1254692,114300.0,1.0,2181583,2181583,1758597946736,false
1254693,114325.0,2.0,2181584,2181584,1758597951296,false
1254694,114329.1,1.0,2181585,2181585,1758597951296,false
1254695,114340.5,3.0,2181586,2181588,1758597952943,true
1254696,114319.6,3.0,2181589,2181589,1758597958312,false
1254697,114341.0,186.0,2181590,2181590,1758597970453,false
1254698,114342.5,24.0,2181591,2181594,1758597970458,false
1254699,114342.5,270.0,2181595,2181598,1758597970617,false
1254700,114342.5,1519.0,2181599,2181618,1758597971079,false
1254701,114361.6,4.0,2181619,2181619,1758597977992,false
1254702,114362.6,62.0,2181620,2181620,1758597977992,false
1254703,114368.3,9.0,2181621,2181621,1758597977992,false
1254704,114380.1,72.0,2181622,2181623,1758597984178,false
1254705,114381.9,371.0,2181624,2181624,1758597984178,false
1254706,114381.9,67.0,2181625,2181626,1758597985077,false
1254707,114381.9,47.0,2181627,2181630,1758597988951,true
1254708,114367.6,3.0,2181631,2181633,1758597990467,true
1254709,114352.3,59.0,2181634,2181634,1758597990825,false
1254710,114352.3,3.0,2181635,2181635,1758597991088,false
1254711,114375.2,220.0,2181636,2181638,1758597998460,false
1254712,114382.0,1.0,2181639,2181639,1758597998507,false
1254713,114386.6,4.0,2181640,2181641,1758597999893,true
1254714,114354.3,3.0,2181642,2181642,1758598003328,false
1254715,114386.8,26.0,2181643,2181645,1758598034460,true
1254716,114349.9,2.0,2181646,2181646,1758598041848,true
1254717,114348.0,3.0,2181647,2181647,1758598048466,false
1254718,114386.4,74.0,2181648,2181649,1758598053749,true
1254719,114386.9,5.0,2181650,2181650,1758598060484,false
1254720,114399.9,50.0,2181651,2181652,1758598084026,true
1254721,114399.9,57.0,2181653,2181655,1758598091186,true
1254722,114380.7,58.0,2181656,2181657,1758598101014,false
1254723,114385.5,60.0,2181658,2181659,1758598101967,false
1254724,114399.9,3.0,2181660,2181660,1758598122021,true
1254725,114376.9,3.0,2181661,2181662,1758598127133,true
1254726,114355.2,50.0,2181663,2181663,1758598140289,true
1254727,114324.0,7.0,2181664,2181664,1758598178135,false
1254728,114352.1,8.0,2181665,2181666,1758598188894,true
1254729,114312.4,1.0,2181667,2181667,1758598201835,false
1254730,114312.4,3.0,2181668,2181668,1758598206123,false
1254731,114312.9,1.0,2181669,2181669,1758598206600,false
1254732,114319.9,3.0,2181670,2181670,1758598206734,false
1254733,114375.1,3.0,2181671,2181671,1758598230916,true
1254734,114373.3,51.0,2181672,2181674,1758598233040,true
1254735,114372.6,3.0,2181675,2181675,1758598233048,true
1254736,114345.6,4.0,2181676,2181677,1758598234101,false
1254737,114363.6,3.0,2181678,2181678,1758598248816,true
1254738,114347.7,3.0,2181679,2181679,1758598252618,false
1254739,114360.1,1.0,2181680,2181680,1758598255241,false
1254740,114360.1,2.0,2181681,2181681,1758598255483,false
1254741,114386.6,3.0,2181682,2181682,1758598260560,true
1254742,114367.6,4.0,2181683,2181684,1758598272860,false
1254743,114372.4,1.0,2181685,2181685,1758598272863,false
1254744,114394.3,4.0,2181686,2181687,1758598275254,true
1254745,114370.3,4.0,2181688,2181689,1758598281914,true
1254746,114343.2,4.0,2181690,2181690,1758598284729,false
1254747,114360.2,5.0,2181691,2181692,1758598286683,true
1254748,114322.0,1.0,2181693,2181693,1758598297699,true
1254749,114322.1,4.0,2181694,2181696,1758598301245,false
1254750,114340.7,5.0,2181697,2181699,1758598319925,false
1254751,114363.7,109.0,2181700,2181705,1758598323561,false
1254752,114370.5,60.0,2181706,2181706,1758598323561,false
1254753,114370.6,200.0,2181707,2181707,1758598323561,false
1254754,114386.6,68.0,2181708,2181709,1758598349238,true
1254755,114371.5,202.0,2181710,2181710,1758598351508,true
1254756,114352.2,91.0,2181711,2181714,1758598353418,false
1254757,114363.7,1.0,2181715,2181715,1758598354011,false
1254758,114386.6,4.0,2181716,2181717,1758598381900,true
1254759,114363.7,5.0,2181718,2181718,1758598390835,false
1254760,114399.9,147.0,2181719,2181725,1758598412036,true
1254761,114370.0,6.0,2181726,2181727,1758598419167,true
1254762,114317.7,4.0,2181728,2181729,1758598433945,false
1254763,114319.9,200.0,2181730,2181736,1758598433959,false
1254764,114330.3,2.0,2181737,2181737,1758598433999,false
1254765,114340.7,6.0,2181738,2181739,1758598433999,false
1254766,114365.5,38.0,2181740,2181740,1758598434099,false
1254767,114379.2,5.0,2181741,2181742,1758598437483,false
1254768,114399.9,4.0,2181743,2181743,1758598440235,true
1254769,114375.2,3.0,2181744,2181744,1758598441432,false
1254770,114375.2,1.0,2181745,2181745,1758598441594,false
1254771,114398.1,5.0,2181746,2181747,1758598446124,true
1254772,114384.0,2.0,2181748,2181748,1758598451388,false
1254773,114400.0,74.0,2181749,2181750,1758598470137,false
1254774,114413.1,1.0,2181751,2181751,1758598473085,false
1254775,114413.1,1.0,2181752,2181752,1758598473283,false
1254776,114417.2,2.0,2181753,2181753,1758598481754,true
1254777,114414.0,62.0,2181754,2181755,1758598483231,true
1254778,114329.3,2.0,2181756,2181756,1758598500227,false
1254779,114347.3,2.0,2181757,2181758,1758598501184,true
1254780,114334.2,64.0,2181759,2181760,1758598518546,false
1254781,114334.4,61.0,2181761,2181761,1758598521976,false
1254782,114348.1,2.0,2181762,2181762,1758598524476,false
1254783,114375.1,2.0,2181763,2181763,1758598531983,true
1254784,114350.4,64.0,2181764,2181765,1758598557616,true
1254785,114347.3,19.0,2181766,2181767,1758598557659,true
1254786,114331.8,4.0,2181768,2181770,1758598570475,false
1254787,114373.6,25.0,2181771,2181775,1758598608233,true
1254788,114352.5,2.0,2181776,2181776,1758598624455,false
1254789,114375.2,59.0,2181777,2181778,1758598627357,false
1254790,114375.1,4.0,2181779,2181780,1758598636041,true
1254791,114352.5,53.0,2181781,2181785,1758598651282,false
1254792,114375.1,4.0,2181786,2181787,1758598669936,true
1254793,114366.5,62.0,2181788,2181788,1758598675445,true
1254794,114354.6,2.0,2181789,2181789,1758598675448,true
1254795,114326.4,4.0,2181790,2181792,1758598708977,false
1254796,114354.2,4.0,2181793,2181795,1758598728384,true
1254797,114342.5,19.0,2181796,2181798,1758598733202,true
1254798,114302.3,1.0,2181799,2181799,1758598738233,true
1254799,114250.3,2.0,2181800,2181800,1758598760278,false
1254800,114249.5,2.0,2181801,2181801,1758598765512,false
1254801,114271.6,2.0,2181802,2181802,1758598790165,true
1254802,114206.7,2.0,2181803,2181803,1758598835650,false
1254803,114225.7,58.0,2181804,2181804,1758598848610,false
1254804,114271.6,2.0,2181805,2181805,1758598886153,true
1254805,114240.1,8.0,2181806,2181807,1758598928479,false
1254806,114240.1,2.0,2181808,2181808,1758598931664,false
1254807,114259.0,2.0,2181809,2181809,1758598951273,true
1254808,114279.9,1.0,2181810,2181810,1758598993657,false
1254809,114329.1,96.0,2181811,2181813,1758598998958,true
1254810,114275.0,3.0,2181814,2181814,1758599026388,false
1254811,114306.1,3.0,2181815,2181815,1758599038076,true
1254812,114231.3,3.0,2181816,2181816,1758599082584,false
1254813,114253.1,3.0,2181817,2181817,1758599088351,true
1254814,114198.4,269.0,2181818,2181822,1758599094952,false
1254815,114260.1,3.0,2181823,2181823,1758599120920,true
1254816,114256.3,23.0,2181824,2181827,1758599121039,true
1254817,114256.3,32.0,2181828,2181831,1758599121208,true
1254818,114185.4,3.0,2181832,2181833,1758599140875,false
1254819,114235.3,2.0,2181834,2181834,1758599146685,false
1254820,114241.2,62.0,2181835,2181835,1758599157737,false
1254821,114271.7,1.0,2181836,2181836,1758599187763,false
1254822,114286.7,1.0,2181837,2181837,1758599198201,false
1254823,114325.7,20.0,2181838,2181839,1758599222535,false
1254824,114352.2,5.0,2181840,2181841,1758599248377,false
1254825,114427.1,185.0,2181842,2181846,1758599304405,false
1254826,114431.9,1.0,2181847,2181847,1758599304405,false
1254827,114432.7,1.0,2181848,2181848,1758599304405,false
1254828,114437.6,93.0,2181849,2181849,1758599304405,false
1254829,114427.0,2.0,2181850,2181851,1758599307798,true
1254830,114415.8,140.0,2181852,2181855,1758599317507,false
1254831,114432.6,200.0,2181856,2181856,1758599333126,true
1254832,114432.6,4.0,2181857,2181857,1758599348356,true
1254833,114405.6,6.0,2181858,2181858,1758599352299,false
1254834,114438.9,48.0,2181859,2181860,1758599401534,true
1254835,114438.9,33.0,2181861,2181863,1758599402045,true
1254836,114435.5,15.0,2181864,2181864,1758599402049,true
1254837,114435.5,1.0,2181865,2181865,1758599402272,true
1254838,114415.7,89.0,2181866,2181868,1758599438558,false
1254839,114415.7,22.0,2181869,2181871,1758599449346,false
1254840,114450.2,17.0,2181872,2181874,1758599470143,false
1254841,114465.6,5.0,2181875,2181875,1758599471268,true
1254842,114426.8,48.0,2181876,2181877,1758599471411,true
1254843,114426.9,53.0,2181878,2181880,1758599471644,false
1254844,114455.6,5.0,2181881,2181881,1758599493030,true
1254845,114386.6,28.0,2181882,2181887,1758599556725,false
1254846,114409.7,5.0,2181888,2181888,1758599586822,false
1254847,114432.6,5.0,2181889,2181890,1758599590376,true
1254848,114418.2,5.0,2181891,2181891,1758599620717,false
1254849,114432.6,71.0,2181892,2181893,1758599643954,true
1254850,114409.7,2.0,2181894,2181894,1758599652576,false
1254851,114409.7,1.0,2181895,2181895,1758599654088,false
1254852,114409.7,4.0,2181896,2181896,1758599657577,false
1254853,114409.6,7.0,2181897,2181898,1758599688804,true
1254854,114386.8,9.0,2181899,2181902,1758599689972,false
1254855,114421.1,1.0,2181903,2181903,1758599742167,true
1254856,114421.1,63.0,2181904,2181905,1758599753604,true
1254857,114403.3,5.0,2181906,2181906,1758599774060,false
1254858,114432.6,13.0,2181907,2181913,1758599826320,true
1254859,114415.4,12.0,2181914,2181915,1758599827063,true
1254860,114401.8,36.0,2181916,2181917,1758599827072,true
1254861,114401.8,1.0,2181918,2181918,1758599828672,true
1254862,114376.8,48.0,2181919,2181919,1758599830531,true
1254863,114347.1,2.0,2181920,2181920,1758599844523,false
1254864,114363.6,2.0,2181921,2181921,1758599853508,true
1254865,114334.9,48.0,2181922,2181922,1758599856324,true
1254866,114308.1,52.0,2181923,2181928,1758599863493,false
1254867,114329.1,2.0,2181929,2181929,1758599867797,true
1254868,114308.2,2.0,2181930,2181930,1758599877277,true
1254869,114270.4,96.0,2181931,2181932,1758599884522,true
1254870,114249.7,3.0,2181933,2181934,1758599892377,false
1254871,114271.7,66.0,2181935,2181940,1758599936129,false
1254872,114283.2,1.0,2181941,2181941,1758599936311,false
1254873,114294.5,2.0,2181942,2181943,1758599955774,false
1254874,114363.7,60.0,2181944,2181945,1758600008679,false
1254875,114375.2,1.0,2181946,2181946,1758600008679,false
1254876,114379.1,40.0,2181947,2181947,1758600008679,false
1254877,114379.2,24.0,2181948,2181948,1758600008679,false
1254878,114379.1,2.0,2181949,2181950,1758600013468,true
1254879,114354.1,1.0,2181951,2181951,1758600015327,false
1254880,114354.1,1.0,2181952,2181952,1758600015466,false
1254881,114360.0,56.0,2181953,2181953,1758600021661,false
1254882,114379.1,148.0,2181954,2181967,1758600064073,false
1254883,114386.7,8.0,2181968,2181970,1758600065371,false
1254884,114467.1,3.0,2181971,2181971,1758600215505,true
1254885,114421.1,48.0,2181972,2181972,1758600220838,true
1254886,114386.8,51.0,2181973,2181980,1758600279912,false
1254887,114405.6,10.0,2181981,2181981,1758600291518,true
1254888,114405.7,17.0,2181982,2181985,1758600293785,false
1254889,114432.6,4.0,2181986,2181986,1758600355789,true
1254890,114405.0,5.0,2181987,2181988,1758600394512,true
1254891,114386.7,57.0,2181989,2181989,1758600400233,true
1254892,114357.1,18.0,2181990,2181992,1758600402241,false
1254893,114375.2,49.0,2181993,2181996,1758600468598,false
1254894,114402.3,4.0,2181997,2181998,1758600529935,true
1254895,114381.9,3.0,2181999,2182000,1758600559592,true
1254896,114343.3,48.0,2182001,2182003,1758600559748,true
1254897,114343.3,1.0,2182004,2182004,1758600575397,true
1254898,114260.3,3.0,2182005,2182006,1758600576462,false
1254899,114283.2,3.0,2182007,2182007,1758600577048,true
1254900,114283.2,4.0,2182008,2182009,1758600579964,true
1254901,114260.6,63.0,2182010,2182013,1758600587938,false
1254902,114282.7,4.0,2182014,2182015,1758600608328,true
1254903,114210.3,2.0,2182016,2182016,1758600627637,true
1254904,114206.5,24.0,2182017,2182017,1758600627643,true
1254905,114202.6,22.0,2182018,2182018,1758600627651,true
1254906,114206.5,41.0,2182019,2182020,1758600636593,false
1254907,114214.0,3.0,2182021,2182022,1758600651224,true
1254908,114211.2,54.0,2182023,2182026,1758600652034,true
1254909,114193.7,65.0,2182027,2182028,1758600656893,true
1254910,114193.7,52.0,2182029,2182031,1758600670314,true
1254911,114193.8,80.0,2182032,2182034,1758600679615,false
1254912,114205.2,61.0,2182035,2182035,1758600680621,false
1254913,114219.6,46.0,2182036,2182036,1758600691341,true
1254914,114219.6,47.0,2182037,2182039,1758600701298,true
1254915,114219.6,4.0,2182040,2182040,1758600704507,true
1254916,114188.2,21.0,2182041,2182041,1758600715956,true
1254917,114162.3,26.0,2182042,2182042,1758600727109,true
1254918,114162.3,9.0,2182043,2182043,1758600738887,true
1254919,114162.3,32.0,2182044,2182045,1758600748054,true
1254920,114141.4,2.0,2182046,2182046,1758600759030,true
1254921,114141.5,5.0,2182047,2182047,1758600765386,false
1254922,114162.6,5.0,2182048,2182048,1758600766986,false
1254923,114162.6,1.0,2182049,2182049,1758600767095,false
1254924,114172.6,53.0,2182050,2182050,1758600768240,false
1254925,114191.1,38.0,2182051,2182054,1758600785079,true
1254926,114178.1,1.0,2182055,2182055,1758600790475,true
1254927,114178.1,4.0,2182056,2182056,1758600794127,true
1254928,114141.3,72.0,2182057,2182057,1758600881704,true
1254929,114141.3,114.0,2182058,2182070,1758600912778,true
1254930,114141.0,1.0,2182071,2182071,1758600912816,true
1254931,114116.0,9.0,2182072,2182073,1758600916276,true
1254932,114100.8,4.0,2182074,2182075,1758600964804,false
1254933,114100.8,1.0,2182076,2182076,1758600965514,false
1254934,114122.2,2.0,2182077,2182077,1758600982286,false
1254935,114156.6,3.0,2182078,2182080,1758601021040,true
1254936,114133.6,2.0,2182081,2182081,1758601024705,true
1254937,114114.7,20.0,2182082,2182082,1758601024931,false
1254938,114114.6,10.0,2182083,2182083,1758601052221,true
1254939,114114.6,24.0,2182084,2182084,1758601052410,true
1254940,114103.1,2.0,2182085,2182085,1758601077140,false
1254941,114145.2,81.0,2182086,2182089,1758601140758,false
1254942,114156.0,44.0,2182090,2182090,1758601140758,false
1254943,114156.0,1.0,2182091,2182091,1758601142455,false
1254944,114157.4,3.0,2182092,2182092,1758601142619,false
1254945,114179.7,9.0,2182093,2182095,1758601200039,false
1254946,114179.6,27.0,2182096,2182100,1758601202417,true
1254947,114165.7,3.0,2182101,2182101,1758601205216,false
1254948,114179.6,3.0,2182102,2182102,1758601219580,true
1254949,114135.4,28.0,2182103,2182105,1758601276316,false
1254950,114156.6,9.0,2182106,2182108,1758601299739,true
1254951,114113.2,48.0,2182109,2182109,1758601302763,true
1254952,114113.3,56.0,2182110,2182114,1758601317138,false
1254953,114133.7,61.0,2182115,2182115,1758601322783,false
1254954,114145.1,71.0,2182116,2182117,1758601344914,true
1254955,114125.1,59.0,2182118,2182120,1758601407667,false
1254956,114168.1,3.0,2182121,2182122,1758601537647,true
1254957,114146.7,4.0,2182123,2182124,1758601570491,true
1254958,114122.1,48.0,2182125,2182125,1758601570716,true
1254959,114100.7,61.0,2182126,2182129,1758601621548,true
1254960,114079.9,87.0,2182130,2182130,1758601623665,true
1254961,114080.0,5.0,2182131,2182132,1758601685050,false
1254962,114099.1,5.0,2182133,2182133,1758601689921,true
1254963,114017.8,6.0,2182134,2182134,1758601802165,false
1254964,114017.8,1.0,2182135,2182135,1758601802289,false
1254965,114052.5,7.0,2182136,2182137,1758601805240,false
1254966,114085.5,33.0,2182138,2182140,1758601855607,true
1254967,114080.3,3.0,2182141,2182142,1758601855995,true
1254968,114078.2,56.0,2182143,2182144,1758601857563,true
1254969,114074.2,62.0,2182145,2182146,1758601860173,true
1254970,114017.7,12.0,2182147,2182148,1758601912059,true
1254971,114004.6,109.0,2182149,2182149,1758601912060,true
1254972,114004.5,25.0,2182150,2182150,1758601912060,true
1254973,114002.9,109.0,2182151,2182151,1758601912060,true
1254974,114001.7,109.0,2182152,2182152,1758601912060,true
1254975,114001.6,48.0,2182153,2182153,1758601912205,true
1254976,114001.6,357.0,2182154,2182161,1758601938326,true
1254977,114001.6,90.0,2182162,2182167,1758601938713,true
1254978,114001.6,104.0,2182168,2182174,1758601938841,true
1254979,114001.6,35.0,2182175,2182183,1758601938972,true
1254980,114001.6,2.0,2182184,2182184,1758601939099,true
1254981,114001.6,18.0,2182185,2182188,1758601939230,true
1254982,114001.6,40.0,2182189,2182189,1758601942345,true
1254983,114001.6,507.0,2182190,2182237,1758601942994,true
1254984,114001.6,28.0,2182238,2182245,1758601943095,true
1254985,114001.6,584.0,2182246,2182254,1758601943259,true
1254986,114000.0,23.0,2182255,2182256,1758601943281,true
1254987,113963.8,48.0,2182257,2182257,1758601943306,true
1254988,113963.8,66.0,2182258,2182258,1758601944580,true
1254989,113951.1,5.0,2182259,2182259,1758601946032,true
1254990,113950.5,57.0,2182260,2182260,1758601946032,true
1254991,113950.0,1.0,2182261,2182261,1758601946032,true
1254992,113942.0,263.0,2182262,2182265,1758601954063,true
1254993,113903.6,48.0,2182266,2182267,1758601954206,true
1254994,113903.7,109.0,2182268,2182276,1758601955304,false
1254995,113915.2,16.0,2182277,2182280,1758601955469,false
1254996,113920.9,1.0,2182281,2182281,1758601965081,true
1254997,113919.5,57.0,2182282,2182282,1758601970020,true
1254998,113919.5,75.0,2182283,2182284,1758601972941,true
1254999,113887.3,48.0,2182285,2182287,1758601973082,true
1255000,113874.0,87.0,2182288,2182294,1758601979829,false
1255001,113891.4,75.0,2182295,2182306,1758602003277,false
1255002,113901.5,56.0,2182307,2182308,1758602004393,false
1255003,113944.1,1.0,2182309,2182309,1758602011133,true
1255004,113929.2,1.0,2182310,2182310,1758602011248,false
1255005,113932.1,134.0,2182311,2182314,1758602018350,true
1255006,113915.2,109.0,2182315,2182315,1758602018354,true
1255007,113873.9,8.0,2182316,2182318,1758602018784,true
1255008,113874.0,1.0,2182319,2182319,1758602029059,false
1255009,113878.1,2.0,2182320,2182320,1758602029064,false
1255010,113993.5,1.0,2182321,2182321,1758602108238,true
1255011,113969.0,1.0,2182322,2182322,1758602109292,false
1255012,114027.7,1.0,2182323,2182323,1758602167144,false
1255013,114034.8,52.0,2182324,2182325,1758602181464,false
1255014,114141.2,59.0,2182326,2182326,1758602217780,false
1255015,114141.1,2.0,2182327,2182327,1758602220170,true
1255016,114120.6,4.0,2182328,2182329,1758602224481,false
1255017,114141.3,242.0,2182330,2182331,1758602230086,false
1255018,114179.6,8.0,2182332,2182332,1758602258323,true
1255019,114178.8,56.0,2182333,2182333,1758602258323,true
1255020,114156.0,3.0,2182334,2182334,1758602279353,false
1255021,114179.7,3.0,2182335,2182335,1758602287562,false
1255022,114182.1,66.0,2182336,2182337,1758602290585,false
1255023,114202.3,1.0,2182338,2182338,1758602294809,true
1255024,114202.3,2.0,2182339,2182340,1758602307676,true
1255025,114170.2,3.0,2182341,2182341,1758602346484,false
1255026,114214.3,5.0,2182342,2182342,1758602358070,false
1255027,114248.7,45.0,2182343,2182343,1758602380031,false
1255028,114250.0,7.0,2182344,2182344,1758602380031,false
1255029,114283.2,1.0,2182345,2182345,1758602402841,false
1255030,114300.0,1.0,2182346,2182346,1758602407397,false
1255031,114321.3,42.0,2182347,2182348,1758602439871,false
1255032,114329.0,128.0,2182349,2182353,1758602449060,true
1255033,114306.1,48.0,2182354,2182354,1758602449232,true
1255034,114295.8,121.0,2182355,2182358,1758602453292,false
1255035,114329.1,1.0,2182359,2182359,1758602454089,false
1255036,114340.9,65.0,2182360,2182361,1758602458483,true
1255037,114305.9,53.0,2182362,2182363,1758602460258,false
1255038,114317.6,4.0,2182364,2182367,1758602463733,true
1255039,114270.0,48.0,2182368,2182368,1758602463910,true
1255040,114270.1,52.0,2182369,2182371,1758602473998,false
1255041,114306.1,72.0,2182372,2182374,1758602475000,true
1255042,114304.2,2.0,2182375,2182375,1758602475005,true
1255043,114273.3,48.0,2182376,2182376,1758602475208,true
1255044,114248.0,120.0,2182377,2182379,1758602477623,false
1255045,114286.7,3.0,2182380,2182380,1758602494289,true
1255046,114258.3,4.0,2182381,2182382,1758602498942,false
1255047,114263.9,60.0,2182383,2182383,1758602498945,false
1255048,114283.1,62.0,2182384,2182386,1758602508247,true
1255049,114237.2,62.0,2182387,2182389,1758602513813,false
1255050,114247.8,1.0,2182390,2182390,1758602527457,false
1255051,114247.7,4.0,2182391,2182391,1758602554943,true
1255052,114247.4,59.0,2182392,2182392,1758602554943,true
1255053,114221.7,60.0,2182393,2182394,1758602556742,false
1255054,114237.2,2.0,2182395,2182396,1758602589294,false
1255055,114260.2,20.0,2182397,2182397,1758602628961,false
1255056,114273.4,31.0,2182398,2182401,1758602691349,false
1255057,114283.1,4.0,2182402,2182404,1758602701292,true
1255058,114253.3,11.0,2182405,2182405,1758602705946,false
1255059,114253.2,7.0,2182406,2182406,1758602725441,true
1255060,114252.6,64.0,2182407,2182407,1758602725441,true
1255061,114236.7,58.0,2182408,2182408,1758602785325,true
1255062,114236.8,80.0,2182409,2182417,1758602835490,false
1255063,114283.2,62.0,2182418,2182418,1758602922015,false
1255064,114323.6,46.0,2182419,2182419,1758602986863,false
1255065,114334.4,4.0,2182420,2182420,1758602997988,false
1255066,114341.0,186.0,2182421,2182421,1758602997988,false
1255067,114342.5,1813.0,2182422,2182435,1758603004774,false
1255068,114368.3,9.0,2182436,2182436,1758603053045,false
1255069,114368.9,55.0,2182437,2182437,1758603053045,false
1255070,114380.1,66.0,2182438,2182439,1758603114839,false
1255071,114382.0,1.0,2182440,2182440,1758603114839,false
1255072,114386.9,5.0,2182441,2182441,1758603163706,false
1255073,114388.0,61.0,2182442,2182442,1758603163814,false
1255074,114399.9,4.0,2182443,2182444,1758603227307,true
1255075,114380.5,5.0,2182445,2182445,1758603266281,false
1255076,114381.0,59.0,2182446,2182446,1758603266281,false
1255077,114398.1,1.0,2182447,2182447,1758603324866,true
1255078,114398.2,1.0,2182448,2182448,1758603492404,false
1255079,114400.0,1.0,2182449,2182449,1758603492524,false
1255080,114400.0,61.0,2182450,2182451,1758603492662,false
