id,price,qty,quote_qty,time,is_buyer_maker
1040786,114618.0,0.008,916.944,1758585603381,false
1040787,114618.0,0.007,802.326,1758585603616,false
1040788,114593.9,0.017,1948.0963,1758585607811,true
1040789,114593.9,0.002,229.1878,1758585607816,true
1040790,114593.9,0.002,229.1878,1758585607816,true
1040791,114593.9,0.009,1031.3451,1758585607816,true
1040792,114564.6,0.026,2978.6796,1758585609597,false
1040793,114564.6,0.023,2634.9858,1758585609597,false
1040794,114520.2,0.001,114.5202,1758585636244,true
1040795,114490.4,0.174,19921.3296,1758585638115,false
1040796,114490.4,0.001,114.4904,1758585638115,false
1040797,114491.3,0.001,114.4913,1758585638119,false
1040798,114500.9,0.002,229.0018,1758585638123,false
1040799,114510.1,0.022,2519.2222,1758585638202,false
1040800,114510.1,0.03,3435.303,1758585638202,false
1040801,114510.1,0.004,458.0404,1758585638202,false
1040802,114510.1,0.02,2290.202,1758585638202,false
1040803,114511.6,0.028,3206.3248,1758585638202,false
1040804,114511.6,0.002,229.0232,1758585638205,false
1040805,114501.1,0.03,3435.033,1758585656092,true
1040806,114533.0,0.001,114.533,1758585662289,false
1040807,114533.0,0.001,114.533,1758585663017,false
1040808,114555.7,0.001,114.5557,1758585723023,true
1040809,114579.6,0.096,10999.6416,1758585739505,false
1040810,114592.1,0.018,2062.6578,1758585739663,false
1040811,114592.1,0.032,3666.9472,1758585739663,false
1040812,114599.6,0.005,572.998,1758585739908,false
1040813,114599.6,0.002,229.1992,1758585740034,false
1040814,114599.6,0.002,229.1992,1758585740036,false
1040815,114599.6,0.002,229.1992,1758585740044,false
1040816,114602.5,0.001,114.6025,1758585754524,true
1040817,114603.3,0.001,114.6033,1758585769059,false
1040818,114649.5,0.001,114.6495,1758585782340,true
1040819,114649.0,0.001,114.649,1758585782974,true
1040820,114644.3,0.011,1261.0873,1758585782974,true
1040821,114644.0,0.019,2178.236,1758585782974,true
1040822,114641.9,0.03,3439.257,1758585782974,true
1040823,114638.2,0.009,1031.7438,1758585782974,true
1040824,114637.7,0.006,687.8262,1758585800225,true
1040825,114637.7,0.01,1146.377,1758585800225,true
1040826,114637.7,0.009,1031.7393,1758585800225,true
1040827,114637.7,0.005,573.1885,1758585800227,true
1040828,114583.2,0.001,114.5832,1758585815118,false
1040829,114577.8,0.001,114.5778,1758585841641,false
1040830,114580.2,0.002,229.1604,1758585850575,false
1040831,114580.2,0.001,114.5802,1758585850575,false
1040832,114528.5,0.001,114.5285,1758585963023,false
1040833,114538.0,0.004,458.152,1758585982134,false
1040834,114538.0,0.007,801.766,1758585982222,false
1040835,114538.0,0.011,1259.918,1758585982223,false
1040836,114538.0,0.01,1145.38,1758585982223,false
1040837,114575.7,0.001,114.5757,1758586023025,true
1040838,114569.2,0.001,114.5692,1758586029693,true
1040839,114536.9,0.03,3436.107,1758586065043,true
1040840,114514.2,0.001,114.5142,1758586083022,false
1040841,114514.1,0.03,3435.423,1758586092347,true
1040842,114491.3,0.023,2633.2999,1758586100233,true
1040843,114467.0,0.015,1717.005,1758586142633,false
1040844,114467.0,0.029,3319.543,1758586236901,false
1040845,114467.0,0.001,114.467,1758586236901,false
1040846,114466.9,0.03,3434.007,1758586281704,true
1040847,114482.2,0.001,114.4822,1758586413789,false
1040848,114531.5,0.011,1259.8465,1758586428457,false
1040849,114531.5,0.011,1259.8465,1758586428457,false
1040850,114531.5,0.007,801.7205,1758586428457,false
1040851,114531.5,0.008,916.252,1758586428462,false
1040852,114525.1,0.013,1488.8263,1758586514694,false
1040853,114525.1,0.014,1603.3514,1758586514855,false
1040854,114525.3,0.005,572.6265,1758586534933,false
1040855,114525.3,0.002,229.0506,1758586534938,false
1040856,114525.3,0.016,1832.4048,1758586534942,false
1040857,114528.0,0.016,1832.448,1758586535018,false
1040858,114567.9,0.001,114.5679,1758586563026,true
1040859,114520.3,0.001,114.5203,1758586620882,true
1040860,114528.2,0.001,114.5282,1758586623019,false
1040861,114528.2,0.002,229.0564,1758586623975,false
1040862,114549.8,0.001,114.5498,1758586683022,true
1040863,114615.0,0.022,2521.53,1758586871343,false
1040864,114677.5,0.001,114.6775,1758587043015,true
1040865,114688.3,0.001,114.6883,1758587082045,true
1040866,114700.6,0.004,458.8024,1758587144248,true
1040867,114700.6,0.004,458.8024,1758587144250,true
1040868,114700.6,0.002,229.4012,1758587144252,true
1040869,114700.6,0.002,229.4012,1758587144254,true
1040870,114700.6,0.002,229.4012,1758587144255,true
1040871,114700.6,0.002,229.4012,1758587144258,true
1040872,114723.0,0.044,5047.812,1758587176737,false
1040873,114733.9,0.004,458.9356,1758587178098,false
1040874,114733.9,0.025,2868.3475,1758587178098,false
1040875,114737.2,0.052,5966.3344,1758587183942,false
1040876,114735.6,0.001,114.7356,1758587231677,false
1040877,114758.6,0.003,344.2758,1758587236902,false
1040878,114790.9,0.001,114.7909,1758587244177,false
1040879,114800.0,0.001,114.8,1758587245047,false
1040880,114803.0,0.127,14579.981,1758587279279,true
1040881,114803.0,0.038,4362.514,1758587279280,true
1040882,114803.0,0.021,2410.863,1758587279285,true
1040883,114803.0,0.03,3444.09,1758587279287,true
1040884,114803.0,0.029,3329.287,1758587279288,true
1040885,114803.0,0.029,3329.287,1758587279291,true
1040886,114803.0,0.029,3329.287,1758587279292,true
1040887,114803.0,0.068,7806.604,1758587279306,true
1040888,114803.0,0.101,11595.103,1758587279313,true
1040889,114803.0,0.085,9758.255,1758587279314,true
1040890,114794.9,0.01,1147.949,1758587279361,true
1040891,114794.9,0.01,1147.949,1758587279362,true
1040892,114794.9,0.009,1033.1541,1758587279363,true
1040893,114778.4,0.001,114.7784,1758587283018,true
1040894,114744.0,0.029,3327.576,1758587288031,false
1040895,114744.0,0.003,344.232,1758587288031,false
1040896,114744.0,0.002,229.488,1758587288031,false
1040897,114743.9,0.03,3442.317,1758587309739,true
1040898,114749.2,0.003,344.2476,1758587326954,false
1040899,114719.1,0.001,114.7191,1758587343022,false
1040900,114708.2,0.011,1261.7902,1758587360868,false
1040901,114708.2,0.001,114.7082,1758587360868,false
1040902,114712.3,0.003,344.1369,1758587360925,false
1040903,114712.4,0.036,4129.6464,1758587360925,false
1040904,114712.4,0.005,573.562,1758587360925,false
1040905,114719.6,0.054,6194.8584,1758587405472,false
1040906,114719.6,0.012,1376.6352,1758587405473,false
1040907,114696.5,0.003,344.0895,1758587466509,true
1040908,114696.5,0.003,344.0895,1758587466509,true
1040909,114696.5,0.008,917.572,1758587466510,true
1040910,114696.5,0.008,917.572,1758587466510,true
1040911,114696.5,0.001,114.6965,1758587466511,true
1040912,114696.5,0.007,802.8755,1758587466511,true
1040913,114668.6,0.01,1146.686,1758587499696,true
1040914,114636.9,0.001,114.6369,1758587583022,false
1040915,114642.4,0.019,2178.2056,1758587619211,false
1040916,114642.4,0.002,229.2848,1758587629984,true
1040917,114642.4,0.017,1948.9208,1758587630863,true
1040918,114622.6,0.002,229.2452,1758587686021,true
1040919,114603.5,0.001,114.6035,1758587994488,false
1040920,114603.5,0.039,4469.5365,1758587994488,false
1040921,114603.5,0.019,2177.4665,1758587994488,false
1040922,114600.0,0.001,114.6,1758588019101,true
1040923,114594.5,0.056,6417.292,1758588060491,false
1040924,114594.5,0.013,1489.7285,1758588060491,false
1040925,114594.5,0.014,1604.323,1758588060491,false
1040926,114570.7,0.001,114.5707,1758588171791,false
1040927,114531.2,0.001,114.5312,1758588243022,false
1040928,114520.3,0.002,229.0406,1758588257088,false
1040929,114520.2,0.001,114.5202,1758588317130,true
1040930,114505.1,0.002,229.0102,1758588328316,false
1040931,114505.1,0.001,114.5051,1758588328316,false
1040932,114505.1,0.007,801.5357,1758588328316,false
1040933,114505.1,0.007,801.5357,1758588328316,false
1040934,114505.9,0.019,2175.6121,1758588328324,false
1040935,114507.7,0.001,114.5077,1758588360748,true
1040936,114559.0,0.001,114.559,1758588483023,true
1040937,114512.2,0.001,114.5122,1758588510717,true
1040938,114506.1,0.001,114.5061,1758588543022,false
1040939,114465.5,0.029,3319.4995,1758588604958,false
1040940,114441.4,0.001,114.4414,1758588663020,false
1040941,114400.2,0.022,2516.8044,1758588710607,true
1040942,114400.0,0.001,114.4,1758588740114,true
1040943,114351.4,0.001,114.3514,1758588853510,true
1040944,114344.1,0.001,114.3441,1758588903018,false
1040945,114335.0,0.002,228.67,1758589019033,true
1040946,114338.3,0.001,114.3383,1758589023020,true
1040947,114359.7,0.138,15781.6386,1758589045352,false
1040948,114359.7,0.08,9148.776,1758589045352,false
1040949,114370.4,0.008,914.9632,1758589263178,false
1040950,114370.4,0.002,228.7408,1758589263180,false
1040951,114370.4,0.002,228.7408,1758589263181,false
1040952,114370.4,0.002,228.7408,1758589263183,false
1040953,114370.4,0.002,228.7408,1758589263185,false
1040954,114370.4,0.002,228.7408,1758589263186,false
1040955,114344.6,0.006,686.0676,1758589360825,true
1040956,114337.6,0.001,114.3376,1758589383024,false
1040957,114335.0,0.001,114.335,1758589399607,true
1040958,114334.9,0.001,114.3349,1758589400064,true
1040959,114366.7,0.001,114.3667,1758589563023,true
1040960,114358.9,0.002,228.7178,1758589587187,true
1040961,114356.1,0.001,114.3561,1758589640967,false
1040962,114346.2,0.021,2401.2702,1758589770791,true
1040963,114346.1,0.003,343.0383,1758589770791,true
1040964,114324.4,0.002,228.6488,1758589784904,true
1040965,114324.3,0.001,114.3243,1758589800271,true
1040966,114323.1,0.014,1600.5234,1758589800271,true
1040967,114329.5,0.006,685.977,1758589800394,false
1040968,114325.9,0.001,114.3259,1758589803024,false
1040969,114342.9,0.001,114.3429,1758589863021,true
1040970,114329.5,0.002,228.659,1758589892031,true
1040971,114323.9,0.001,114.3239,1758589923020,false
1040972,114313.7,0.001,114.3137,1758589925028,true
1040973,114300.0,0.001,114.3,1758589947362,true
1040974,114294.0,0.005,571.47,1758589947392,true
1040975,114275.7,0.001,114.2757,1758589953706,true
1040976,114269.1,0.014,1599.7674,1758589953706,true
1040977,114267.5,0.017,1942.5475,1758589953706,true
1040978,114265.2,0.009,1028.3868,1758589953706,true
1040979,114265.1,0.009,1028.3859,1758589953706,true
1040980,114261.4,0.009,1028.3526,1758589953706,true
1040981,114261.4,0.001,114.2614,1758589953706,true
1040982,114260.0,0.012,1371.12,1758589953706,true
1040983,114257.7,0.04,4570.308,1758589953706,true
1040984,114283.9,0.008,914.2712,1758589980415,true
1040985,114287.1,0.001,114.2871,1758589980774,false
1040986,114288.2,0.064,7314.4448,1758589980774,false
1040987,114300.7,0.001,114.3007,1758590101003,true
1040988,114282.3,0.017,1942.7991,1758590110134,false
1040989,114288.7,0.013,1485.7531,1758590124976,false
1040990,114339.0,0.001,114.339,1758590163020,true
1040991,114337.0,0.001,114.337,1758590223023,false
1040992,114351.0,0.012,1372.212,1758590230611,false
1040993,114351.0,0.007,800.457,1758590230611,false
1040994,114390.9,0.001,114.3909,1758590283029,true
1040995,114355.9,0.017,1944.0503,1758590392644,true
1040996,114355.8,0.02,2287.116,1758590392644,true
1040997,114351.0,0.05,5717.55,1758590394643,false
1040998,114385.5,0.001,114.3855,1758590424807,false
1040999,114443.8,0.001,114.4438,1758590514761,true
1041000,114469.7,0.001,114.4697,1758590583021,true
1041001,114421.1,0.001,114.4211,1758590623481,true
1041002,114432.4,0.001,114.4324,1758590880396,true
1041003,114441.9,0.001,114.4419,1758590883022,false
1041004,114444.1,0.001,114.4441,1758590940398,true
1041005,114444.1,0.001,114.4441,1758590943023,true
1041006,114454.4,0.02,2289.088,1758590951789,true
1041007,114451.2,0.004,457.8048,1758590951789,true
1041008,114457.4,0.001,114.4574,1758591000414,true
1041009,114455.2,0.001,114.4552,1758591028489,true
1041010,114455.2,0.01,1144.552,1758591028489,true
1041011,114453.0,0.01,1144.53,1758591028489,true
1041012,114452.9,0.015,1716.7935,1758591028489,true
1041013,114463.7,0.001,114.4637,1758591030947,false
1041014,114451.2,0.001,114.4512,1758591060406,true
1041015,114446.0,0.001,114.446,1758591123021,false
1041016,114398.2,0.001,114.3982,1758591180405,true
1041017,114399.1,0.011,1258.3901,1758591192258,true
1041018,114396.2,0.009,1029.5658,1758591192258,true
1041019,114395.9,0.01,1143.959,1758591192258,true
1041020,114353.8,0.001,114.3538,1758591300426,true
1041021,114353.9,0.001,114.3539,1758591348367,false
1041022,114355.4,0.001,114.3554,1758591397405,false
1041023,114353.8,0.001,114.3538,1758591413350,true
1041024,114345.4,0.001,114.3454,1758591419804,false
1041025,114340.5,0.001,114.3405,1758591451195,false
1041026,114324.2,0.001,114.3242,1758591483024,false
1041027,114318.5,0.001,114.3185,1758591498105,false
1041028,114319.1,0.001,114.3191,1758591524631,false
1041029,114315.2,0.001,114.3152,1758591572838,false
1041030,114253.8,0.001,114.2538,1758591629985,true
1041031,114250.2,0.001,114.2502,1758591637565,true
1041032,114253.8,0.001,114.2538,1758591660377,true
1041033,114245.0,0.003,342.735,1758591681846,true
1041034,114222.1,0.138,15762.6498,1758591745110,true
1041035,114222.1,0.002,228.4442,1758591745136,true
1041036,114222.1,0.035,3997.7735,1758591745146,true
1041037,114221.4,0.009,1027.9926,1758591745147,true
1041038,114219.7,0.019,2170.1743,1758591745157,true
1041039,114215.8,0.005,571.079,1758591745157,true
1041040,114212.8,0.006,685.2768,1758591745170,true
1041041,114212.8,0.002,228.4256,1758591745205,true
1041042,114200.0,0.001,114.2,1758591752059,true
1041043,114198.4,0.014,1598.7776,1758591752059,true
1041044,114198.4,0.004,456.7936,1758591752061,true
1041045,114198.4,0.012,1370.3808,1758591752064,true
1041046,114234.0,0.001,114.234,1758591783022,false
1041047,114221.4,0.001,114.2214,1758591800885,true
1041048,114221.4,0.001,114.2214,1758591800885,true
1041049,114217.4,0.002,228.4348,1758591801444,true
1041050,114219.9,0.001,114.2199,1758591848576,false
1041051,114235.5,0.001,114.2355,1758591963017,true
1041052,114256.6,0.001,114.2566,1758591986281,false
1041053,114256.6,0.001,114.2566,1758591988900,false
1041054,114270.9,0.002,228.5418,1758591989116,false
1041055,114280.0,0.001,114.28,1758592003012,true
1041056,114262.5,0.001,114.2625,1758592048238,false
1041057,114252.2,0.007,799.7654,1758592140420,true
1041058,114238.7,0.021,2399.0127,1758592164490,false
1041059,114239.2,0.004,456.9568,1758592164490,false
1041060,114218.1,0.001,114.2181,1758592203020,false
1041061,114169.6,0.021,2397.5616,1758592240555,true
1041062,114168.6,0.011,1255.8546,1758592240555,true
1041063,114168.5,0.096,10960.176,1758592240555,true
1041064,114167.1,0.001,114.1671,1758592240555,true
1041065,114165.0,0.008,913.32,1758592240555,true
1041066,114162.7,0.011,1255.7897,1758592240555,true
1041067,114159.0,0.016,1826.544,1758592240555,true
1041068,114158.9,0.013,1484.0657,1758592240555,true
1041069,114158.8,0.001,114.1588,1758592240555,true
1041070,114157.7,0.013,1484.0501,1758592240555,true
1041071,114157.6,0.011,1255.7336,1758592240555,true
1041072,114157.4,0.001,114.1574,1758592240555,true
1041073,114157.4,0.011,1255.7314,1758592240555,true
1041074,114155.7,0.019,2168.9583,1758592240555,true
1041075,114155.5,0.003,342.4665,1758592240555,true
1041076,114176.2,0.001,114.1762,1758592263025,true
1041077,114164.7,0.011,1255.8117,1758592263025,true
1041078,114160.8,0.013,1484.0904,1758592263025,true
1041079,114160.8,0.001,114.1608,1758592263025,true
1041080,114158.8,0.001,114.1588,1758592267958,true
1041081,114157.3,0.001,114.1573,1758592267958,true
1041082,114153.8,0.001,114.1538,1758592267958,true
1041083,114148.8,0.013,1483.9344,1758592267958,true
1041084,114148.7,0.024,2739.5688,1758592267958,true
1041085,114138.8,0.001,114.1388,1758592282755,true
1041086,114138.8,0.134,15294.5992,1758592299842,false
1041087,114157.0,0.001,114.157,1758592315964,true
1041088,114148.8,0.028,3196.1664,1758592315964,true
1041089,114158.5,0.001,114.1585,1758592320880,true
1041090,114158.5,0.001,114.1585,1758592322420,true
1041091,114121.5,0.001,114.1215,1758592383066,true
1041092,114119.2,0.053,6048.3176,1758592383066,true
1041093,114090.4,0.001,114.0904,1758592384144,true
1041094,114087.6,0.02,2281.752,1758592384144,true
1041095,114081.0,0.073,8327.913,1758592384144,true
1041096,114134.8,0.02,2282.696,1758592420793,true
1041097,114132.6,0.008,913.0608,1758592440157,true
1041098,114132.6,0.014,1597.8564,1758592440399,true
1041099,114131.0,0.068,7760.908,1758592443022,true
1041100,114138.8,0.003,342.4164,1758592480424,true
1041101,114125.9,0.029,3309.6511,1758592480424,true
1041102,114139.1,0.034,3880.7294,1758592482726,true
1041103,114165.1,0.02,2283.302,1758592486284,false
1041104,114165.2,0.011,1255.8172,1758592486284,false
1041105,114155.4,0.001,114.1554,1758592490882,true
1041106,114149.1,0.001,114.1491,1758592500465,false
1041107,114136.1,0.011,1255.4971,1758592503021,true
1041108,114136.0,0.001,114.136,1758592503021,true
1041109,114132.0,0.013,1483.716,1758592503021,true
1041110,114131.9,0.004,456.5276,1758592503021,true
1041111,114124.6,0.001,114.1246,1758592520712,true
1041112,114122.5,0.013,1483.5925,1758592520712,true
1041113,114120.7,0.013,1483.5691,1758592520712,true
1041114,114120.6,0.009,1027.0854,1758592520712,true
1041115,114120.4,0.018,2054.1672,1758592521945,true
1041116,114132.5,0.001,114.1325,1758592562755,true
1041117,114132.5,0.019,2168.5175,1758592563018,true
1041118,114127.1,0.028,3195.5588,1758592577506,true
1041119,114117.0,0.017,1939.989,1758592623021,true
1041120,114107.3,0.021,2396.2533,1758592645080,false
1041121,114107.3,0.018,2053.9314,1758592645080,false
1041122,114107.4,0.013,1483.3962,1758592645080,false
1041123,114107.4,0.018,2053.9332,1758592645080,false
1041124,114107.5,0.018,2053.935,1758592645080,false
1041125,114107.5,0.013,1483.3975,1758592645080,false
1041126,114113.3,0.002,228.2266,1758592645090,false
1041127,114113.3,0.006,684.6798,1758592645092,false
1041128,114095.6,0.009,1026.8604,1758592645249,true
1041129,114094.0,0.001,114.094,1758592645249,true
1041130,114129.6,0.001,114.1296,1758592659237,true
1041131,114124.6,0.001,114.1246,1758592659237,true
1041132,114124.6,0.002,228.2492,1758592659237,true
1041133,114138.1,0.007,798.9667,1758592675026,false
1041134,114138.2,0.005,570.691,1758592675026,false
1041135,114139.1,0.014,1597.9474,1758592683023,true
1041136,114138.9,0.014,1597.9446,1758592691161,true
1041137,114138.8,0.001,114.1388,1758592691161,true
1041138,114129.6,0.007,798.9072,1758592691161,true
1041139,114113.2,0.001,114.1132,1758592731560,true
1041140,114113.2,0.001,114.1132,1758592731560,true
1041141,114114.1,0.017,1939.9397,1758592743020,true
1041142,114102.6,0.011,1255.1286,1758592760808,true
1041143,114113.7,0.001,114.1137,1758592793130,true
1041144,114133.2,0.001,114.1332,1758592803026,true
1041145,114127.4,0.006,684.7644,1758592803026,true
1041146,114158.8,0.001,114.1588,1758592812626,true
1041147,114157.2,0.001,114.1572,1758592812626,true
1041148,114157.2,0.006,684.9432,1758592812626,true
1041149,114147.4,0.001,114.1474,1758592848187,true
1041150,114145.1,0.003,342.4353,1758592848187,true
1041151,114182.4,0.002,228.3648,1758592871372,false
1041152,114199.4,0.021,2398.1874,1758592871682,false
1041153,114220.0,0.007,799.54,1758592879055,false
1041154,114220.1,0.008,913.7608,1758592879055,false
1041155,114273.0,0.01,1142.73,1758592906466,false
1041156,114273.0,0.003,342.819,1758592906466,false
1041157,114261.5,0.026,2970.799,1758592918040,true
1041158,114261.5,0.049,5598.8135,1758592918077,true
1041159,114261.5,0.007,799.8305,1758592918082,true
1041160,114261.5,0.002,228.523,1758592918126,true
1041161,114261.5,0.002,228.523,1758592918131,true
1041162,114261.5,0.016,1828.184,1758592918160,true
1041163,114261.5,0.002,228.523,1758592918168,true
1041164,114261.5,0.004,457.046,1758592918171,true
1041165,114261.5,0.006,685.569,1758592918187,true
1041166,114261.5,0.002,228.523,1758592918194,true
1041167,114231.9,0.001,114.2319,1758592921402,false
1041168,114231.9,0.001,114.2319,1758592921402,false
1041169,114236.6,0.002,228.4732,1758592921439,false
1041170,114245.8,0.001,114.2458,1758592921442,false
1041171,114254.2,0.01,1142.542,1758592921442,false
1041172,114257.3,0.001,114.2573,1758592921442,false
1041173,114261.2,0.001,114.2612,1758592921442,false
1041174,114211.7,0.003,342.6351,1758592966127,false
1041175,114211.7,0.001,114.2117,1758592966127,false
1041176,114218.7,0.004,456.8748,1758592973614,false
1041177,114231.3,0.001,114.2313,1758592978666,false
1041178,114270.1,0.006,685.6206,1758593049873,true
1041179,114270.1,0.002,228.5402,1758593049873,true
1041180,114270.1,0.002,228.5402,1758593049878,true
1041181,114270.1,0.009,1028.4309,1758593049883,true
1041182,114270.1,0.002,228.5402,1758593049893,true
1041183,114270.1,0.004,457.0804,1758593049894,true
1041184,114270.1,0.002,228.5402,1758593049894,true
1041185,114270.1,0.009,1028.4309,1758593049904,true
1041186,114270.1,0.006,685.6206,1758593049909,true
1041187,114205.5,0.002,228.411,1758593094261,false
1041188,114283.9,0.004,457.1356,1758593252410,false
1041189,114283.9,0.022,2514.2458,1758593252410,false
1041190,114286.6,0.175,20000.155,1758593264067,false
1041191,114276.9,0.001,114.2769,1758593281839,false
1041192,114276.9,0.001,114.2769,1758593281839,false
1041193,114276.9,0.001,114.2769,1758593281839,false
1041194,114283.1,0.001,114.2831,1758593283025,true
1041195,114250.5,0.002,228.501,1758593304214,false
1041196,114250.5,0.001,114.2505,1758593304214,false
1041197,114271.9,0.001,114.2719,1758593327036,false
1041198,114274.7,0.001,114.2747,1758593343017,false
1041199,114283.5,0.001,114.2835,1758593367239,false
1041200,114286.9,0.01,1142.869,1758593367239,false
1041201,114283.1,0.175,19999.5425,1758593370731,false
1041202,114307.8,0.003,342.9234,1758593381594,false
1041203,114307.8,0.007,800.1546,1758593381594,false
1041204,114307.8,0.01,1143.078,1758593381594,false
1041205,114307.8,0.008,914.4624,1758593381594,false
1041206,114307.8,0.002,228.6156,1758593381594,false
1041207,114307.8,0.01,1143.078,1758593381594,false
1041208,114307.8,0.01,1143.078,1758593381594,false
1041209,114307.8,0.003,342.9234,1758593381607,false
1041210,114307.8,0.001,114.3078,1758593381652,false
1041211,114309.0,0.01,1143.09,1758593381681,false
1041212,114309.0,0.01,1143.09,1758593381681,false
1041213,114309.0,0.004,457.236,1758593381681,false
1041214,114337.8,0.011,1257.7158,1758593391097,false
1041215,114331.3,0.001,114.3313,1758593391569,false
1041216,114345.9,0.004,457.3836,1758593400428,false
1041217,114346.3,0.001,114.3463,1758593400451,false
1041218,114365.0,0.001,114.365,1758593402656,true
1041219,114368.2,0.001,114.3682,1758593403017,true
1041220,114380.2,0.018,2058.8436,1758593406310,false
1041221,114381.7,0.011,1258.1987,1758593406313,false
1041222,114386.7,0.01,1143.867,1758593406328,false
1041223,114400.0,0.001,114.4,1758593406428,false
1041224,114423.0,0.006,686.538,1758593407272,false
1041225,114429.6,0.001,114.4296,1758593407272,false
1041226,114441.0,0.019,2174.379,1758593415044,false
1041227,114436.0,0.001,114.436,1758593430714,false
1041228,114456.3,0.002,228.9126,1758593435526,false
1041229,114456.3,0.012,1373.4756,1758593435526,false
1041230,114435.7,0.004,457.7428,1758593441659,true
1041231,114435.7,0.004,457.7428,1758593441660,true
1041232,114435.7,0.002,228.8714,1758593441662,true
1041233,114435.7,0.007,801.0499,1758593441663,true
1041234,114435.7,0.006,686.6142,1758593441664,true
1041235,114435.7,0.004,457.7428,1758593441666,true
1041236,114435.7,0.002,228.8714,1758593441666,true
1041237,114435.7,0.004,457.7428,1758593441667,true
1041238,114435.7,0.002,228.8714,1758593441668,true
1041239,114435.7,0.004,457.7428,1758593441669,true
1041240,114435.7,0.007,801.0499,1758593444930,true
1041241,114435.7,0.013,1487.6641,1758593444968,true
1041242,114435.7,0.014,1602.0998,1758593444979,true
1041243,114435.7,0.002,228.8714,1758593444987,true
1041244,114435.7,0.002,228.8714,1758593445315,true
1041245,114435.7,0.002,228.8714,1758593445316,true
1041246,114435.7,0.002,228.8714,1758593445330,true
1041247,114435.7,0.084,9612.5988,1758593450477,true
1041248,114435.7,0.102,11672.4414,1758593450520,true
1041249,114435.7,0.076,8697.1132,1758593450520,true
1041250,114435.7,0.101,11558.0057,1758593450524,true
1041251,114423.9,0.002,228.8478,1758593462088,false
1041252,114423.9,0.002,228.8478,1758593462090,false
1041253,114455.0,0.008,915.64,1758593516142,false
1041254,114455.0,0.002,228.91,1758593516156,false
1041255,114455.0,0.003,343.365,1758593516183,false
1041256,114455.0,0.002,228.91,1758593516190,false
1041257,114455.0,0.002,228.91,1758593516248,false
1041258,114455.0,0.002,228.91,1758593516267,false
1041259,114456.5,0.001,114.4565,1758593518952,false
1041260,114418.7,0.019,2173.9553,1758593555685,false
1041261,114422.6,0.016,1830.7616,1758593555685,false
1041262,114422.7,0.028,3203.8356,1758593555685,false
1041263,114422.8,0.104,11899.9712,1758593555685,false
1041264,114404.3,0.001,114.4043,1758593562179,false
1041265,114413.8,0.02,2288.276,1758593562179,false
1041266,114413.9,0.026,2974.7614,1758593562179,false
1041267,114414.0,0.126,14416.164,1758593562179,false
1041268,114414.3,0.001,114.4143,1758593566301,false
1041269,114378.0,0.002,228.756,1758593623716,false
1041270,114378.0,0.001,114.378,1758593623719,false
1041271,114326.7,0.004,457.3068,1758593727760,false
1041272,114338.2,0.002,228.6764,1758593727887,false
1041273,114288.7,0.072,8228.7864,1758593748025,false
1041274,114289.6,0.004,457.1584,1758593748025,false
1041275,114297.0,0.004,457.188,1758593754059,false
1041276,114287.0,0.001,114.287,1758593786817,true
1041277,114297.0,0.001,114.297,1758593795714,false
1041278,114301.8,0.001,114.3018,1758593797175,false
1041279,114292.1,0.175,20001.1175,1758593823258,false
1041280,114294.2,0.022,2514.4724,1758593823258,false
1041281,114294.3,0.019,2171.5917,1758593823258,false
1041282,114298.7,0.006,685.7922,1758593823258,false
1041283,114298.8,0.02,2285.976,1758593823258,false
1041284,114300.0,0.044,5029.2,1758593823258,false
1041285,114303.3,0.001,114.3033,1758593823258,false
1041286,114305.7,0.001,114.3057,1758593823258,false
1041287,114305.7,0.013,1485.9741,1758593823258,false
1041288,114305.8,0.011,1257.3638,1758593823258,false
1041289,114307.2,0.013,1485.9936,1758593823258,false
1041290,114307.3,0.014,1600.3022,1758593823258,false
1041291,114307.4,0.096,10973.5104,1758593823258,false
1041292,114308.3,0.011,1257.3913,1758593823258,false
1041293,114308.4,0.009,1028.7756,1758593823258,false
1041294,114309.3,0.011,1257.4023,1758593823258,false
1041295,114312.1,0.011,1257.4331,1758593823258,false
1041296,114312.4,0.01,1143.124,1758593823258,false
1041297,114313.3,0.011,1257.4463,1758593823258,false
1041298,114313.6,0.008,914.5088,1758593823258,false
1041299,114314.6,0.044,5029.8424,1758593823258,false
1041300,114314.8,0.001,114.3148,1758593823258,false
1041301,114316.6,0.012,1371.7992,1758593823258,false
1041302,114317.9,0.011,1257.4969,1758593823258,false
1041303,114320.3,0.011,1257.5233,1758593823258,false
1041304,114322.8,0.011,1257.5508,1758593823258,false
1041305,114325.5,0.012,1371.906,1758593823258,false
1041306,114325.6,0.011,1257.5816,1758593823258,false
1041307,114325.6,0.011,1257.5816,1758593823258,false
1041308,114326.0,0.044,5030.344,1758593823258,false
1041309,114326.3,0.001,114.3263,1758593823258,false
1041310,114328.1,0.012,1371.9372,1758593823258,false
1041311,114328.2,0.096,10975.5072,1758593823258,false
1041312,114330.1,0.012,1371.9612,1758593823258,false
1041313,114337.8,0.001,114.3378,1758593823258,false
1041314,114338.2,0.007,800.3674,1758593823258,false
1041315,114338.3,0.044,5030.8852,1758593823258,false
1041316,114346.2,0.008,914.7696,1758593823258,false
1041317,114346.3,0.012,1372.1556,1758593823258,false
1041318,114347.7,0.044,5031.2988,1758593823258,false
1041319,114349.3,0.001,114.3493,1758593823258,false
1041320,114350.3,0.001,114.3503,1758593823258,false
1041321,114357.9,0.009,1029.2211,1758593823258,false
1041322,114358.1,0.044,5031.7564,1758593823258,false
1041323,114359.6,0.012,1372.3152,1758593823258,false
1041324,114360.8,0.001,114.3608,1758593823258,false
1041325,114364.3,0.106,12122.6158,1758593823258,false
1041326,114364.4,0.704,80512.5376,1758593823258,false
1041327,114369.1,0.009,1029.3219,1758593823258,false
1041328,114369.1,0.026,2973.5966,1758593823258,false
1041329,114303.1,0.088,10058.6728,1758593834818,false
1041330,114303.1,0.006,685.8186,1758593834822,false
1041331,114305.5,0.007,800.1385,1758593834835,false
1041332,114305.5,0.026,2971.943,1758593834885,false
1041333,114305.5,0.004,457.222,1758593834889,false
1041334,114305.5,0.031,3543.4705,1758593834892,false
1041335,114305.5,0.011,1257.3605,1758593834905,false
1041336,114305.5,0.01,1143.055,1758593834906,false
1041337,114305.5,0.011,1257.3605,1758593834906,false
1041338,114305.5,0.011,1257.3605,1758593834907,false
1041339,114305.5,0.011,1257.3605,1758593834908,false
1041340,114305.5,0.008,914.444,1758593834925,false
1041341,114275.5,0.001,114.2755,1758593883021,false
1041342,114275.4,0.006,685.6524,1758593922439,true
1041343,114274.7,0.004,457.0988,1758593922439,true
1041344,114237.2,0.002,228.4744,1758593964984,false
1041345,114237.2,0.005,571.186,1758593965052,false
1041346,114247.8,0.002,228.4956,1758593965248,false
1041347,114247.8,0.038,4341.4164,1758593965253,false
1041348,114247.8,0.012,1370.9736,1758593965258,false
1041349,114247.8,0.011,1256.7258,1758593965261,false
1041350,114247.8,0.002,228.4956,1758593965281,false
1041351,114247.8,0.016,1827.9648,1758593965290,false
1041352,114247.8,0.001,114.2478,1758593965290,false
1041353,114247.8,0.004,456.9912,1758593965291,false
1041354,114247.8,0.014,1599.4692,1758593965301,false
1041355,114247.8,0.029,3313.1862,1758593965438,false
1041356,114254.0,0.001,114.254,1758593968897,false
1041357,114297.6,0.001,114.2976,1758594000442,true
1041358,114301.3,0.001,114.3013,1758594003034,true
1041359,114304.2,0.003,342.9126,1758594034646,true
1041360,114304.2,0.018,2057.4756,1758594034647,true
1041361,114304.2,0.02,2286.084,1758594034647,true
1041362,114304.1,0.02,2286.082,1758594034647,true
1041363,114298.0,0.012,1371.576,1758594034650,true
1041364,114297.8,0.017,1943.0626,1758594034650,true
1041365,114295.8,0.027,3085.9866,1758594034652,true
1041366,114295.8,0.045,5143.311,1758594034655,true
1041367,114283.6,0.03,3428.508,1758594034780,true
1041368,114258.8,0.001,114.2588,1758594035516,false
1041369,114263.4,0.014,1599.6876,1758594035654,false
1041370,114263.4,0.007,799.8438,1758594035659,false
1041371,114263.4,0.009,1028.3706,1758594035660,false
1041372,114263.4,0.004,457.0536,1758594035691,false
1041373,114263.4,0.007,799.8438,1758594035695,false
1041374,114263.4,0.002,228.5268,1758594035707,false
1041375,114263.9,0.001,114.2639,1758594035707,false
1041376,114263.9,0.002,228.5278,1758594035708,false
1041377,114263.0,0.006,685.578,1758594036595,true
1041378,114224.1,0.006,685.3446,1758594037756,false
1041379,114224.1,0.002,228.4482,1758594037757,false
1041380,114224.1,0.002,228.4482,1758594037768,false
1041381,114224.1,0.002,228.4482,1758594037869,false
1041382,114224.1,0.002,228.4482,1758594037876,false
1041383,114224.1,0.002,228.4482,1758594037888,false
1041384,114224.1,0.011,1256.4651,1758594037901,false
1041385,114224.1,0.017,1941.8097,1758594037901,false
1041386,114224.6,0.006,685.3476,1758594038669,false
1041387,114224.6,0.004,456.8984,1758594038760,false
1041388,114225.2,0.041,4683.2332,1758594039349,false
1041389,114224.6,0.024,2741.3904,1758594039360,false
1041390,114223.7,0.002,228.4474,1758594041127,false
1041391,114222.9,0.003,342.6687,1758594041209,false
1041392,114222.9,0.002,228.4458,1758594041215,false
1041393,114223.0,0.002,228.446,1758594041977,false
1041394,114223.0,0.002,228.446,1758594041987,false
1041395,114200.6,0.003,342.6018,1758594046984,false
1041396,114201.5,0.022,2512.433,1758594046984,false
1041397,114202.3,0.036,4111.2828,1758594046984,false
1041398,114202.3,0.001,114.2023,1758594046984,false
1041399,114200.0,0.001,114.2,1758594059157,true
1041400,114195.6,0.022,2512.3032,1758594059160,true
1041401,114193.0,0.011,1256.123,1758594059161,true
1041402,114189.1,0.018,2055.4038,1758594059161,true
1041403,114166.3,0.003,342.4989,1758594059578,false
1041404,114166.3,0.007,799.1641,1758594059578,false
1041405,114166.3,0.002,228.3326,1758594059585,false
1041406,114166.3,0.011,1255.8293,1758594059586,false
1041407,114167.7,0.023,2625.8571,1758594059644,false
1041408,114169.0,0.005,570.845,1758594059644,false
1041409,114169.0,0.021,2397.549,1758594059647,false
1041410,114169.1,0.062,7078.4842,1758594059647,false
1041411,114169.1,0.008,913.3528,1758594059647,false
1041412,114169.1,0.013,1484.1983,1758594059647,false
1041413,114169.1,0.001,114.1691,1758594059647,false
1041414,114175.6,0.015,1712.634,1758594059880,false
1041415,114176.9,0.004,456.7076,1758594059885,false
1041416,114176.9,0.001,114.1769,1758594059885,false
1041417,114175.6,0.007,799.2292,1758594059896,false
1041418,114171.2,0.001,114.1712,1758594063036,false
1041419,114172.7,0.002,228.3454,1758594067792,false
1041420,114171.8,0.007,799.2026,1758594067831,false
1041421,114167.3,0.011,1255.8403,1758594070519,true
1041422,114153.2,0.028,3196.2896,1758594070606,true
1041423,114153.2,0.002,228.3064,1758594070609,true
1041424,114118.6,0.004,456.4744,1758594071107,true
1041425,114115.8,0.004,456.4632,1758594071202,true
1041426,114110.2,0.005,570.551,1758594083886,false
1041427,114108.0,0.006,684.648,1758594083936,false
1041428,114108.0,0.004,456.432,1758594083936,false
1041429,114108.0,0.02,2282.16,1758594083938,false
1041430,114109.4,0.009,1026.9846,1758594084078,false
1041431,114109.4,0.039,4450.2666,1758594084194,false
1041432,114109.4,0.008,912.8752,1758594084288,false
1041433,114109.3,0.018,2053.9674,1758594084293,false
1041434,114109.3,0.01,1141.093,1758594084296,false
1041435,114109.5,0.003,342.3285,1758594085222,false
1041436,114109.5,0.003,342.3285,1758594085224,false
1041437,114112.0,0.001,114.112,1758594086126,false
1041438,114117.0,0.036,4108.212,1758594098450,false
1041439,114127.1,0.005,570.6355,1758594117422,false
1041440,114115.5,0.004,456.462,1758594184937,false
1041441,114115.4,0.002,228.2308,1758594188577,true
1041442,114084.8,0.002,228.1696,1758594194148,false
1041443,114104.4,0.007,798.7308,1758594194979,false
1041444,114104.4,0.007,798.7308,1758594194985,false
1041445,114104.4,0.006,684.6264,1758594195011,false
1041446,114104.4,0.005,570.522,1758594195017,false
1041447,114105.2,0.002,228.2104,1758594195080,false
1041448,114105.2,0.004,456.4208,1758594195080,false
1041449,114105.2,0.007,798.7364,1758594195082,false
1041450,114105.2,0.009,1026.9468,1758594195090,false
1041451,114105.2,0.002,228.2104,1758594195118,false
1041452,114106.3,0.002,228.2126,1758594195129,false
1041453,114106.3,0.022,2510.3386,1758594195129,false
1041454,114106.3,0.005,570.5315,1758594195129,false
1041455,114106.3,0.023,2624.4449,1758594195130,false
1041456,114106.3,0.009,1026.9567,1758594195130,false
1041457,114106.3,0.003,342.3189,1758594195140,false
1041458,114106.3,0.009,1026.9567,1758594195150,false
1041459,114106.3,0.003,342.3189,1758594195152,false
1041460,114109.9,0.002,228.2198,1758594195307,false
1041461,114109.9,0.008,912.8792,1758594195308,false
1041462,114121.6,0.001,114.1216,1758594250840,true
1041463,114115.1,0.001,114.1151,1758594250840,true
1041464,114111.9,0.002,228.2238,1758594250840,true
1041465,114124.1,0.001,114.1241,1758594252864,false
1041466,114104.8,0.002,228.2096,1758594273884,true
1041467,114056.7,0.001,114.0567,1758594302903,true
1041468,114056.7,0.001,114.0567,1758594302903,true
1041469,114057.5,0.005,570.2875,1758594304063,true
1041470,114061.3,0.001,114.0613,1758594315352,false
1041471,114079.1,0.011,1254.8701,1758594329696,false
1041472,114053.8,0.001,114.0538,1758594342083,true
1041473,114051.2,0.002,228.1024,1758594362856,true
1041474,114041.0,0.003,342.123,1758594370087,true
1041475,114046.1,0.009,1026.4149,1758594381495,false
1041476,114028.5,0.001,114.0285,1758594387537,false
1041477,114025.8,0.001,114.0258,1758594410680,false
1041478,114040.6,0.001,114.0406,1758594423021,false
1041479,114033.0,0.001,114.033,1758594423043,true
1041480,114002.7,0.001,114.0027,1758594454289,false
1041481,114000.2,0.001,114.0002,1758594483012,true
1041482,114000.0,0.001,114.0,1758594504420,true
1041483,114000.0,0.001,114.0,1758594504420,true
1041484,113992.7,0.001,113.9927,1758594506868,true
1041485,113986.1,0.001,113.9861,1758594527250,false
1041486,113986.1,0.003,341.9583,1758594527250,false
1041487,113986.1,0.01,1139.861,1758594527251,false
1041488,113991.7,0.001,113.9917,1758594543622,true
1041489,113986.0,0.001,113.986,1758594573812,true
1041490,113980.8,0.001,113.9808,1758594602914,true
1041491,113980.9,0.01,1139.809,1758594603361,false
1041492,113980.9,0.04,4559.236,1758594603361,false
1041493,113980.9,0.006,683.8854,1758594603361,false
1041494,114006.2,0.004,456.0248,1758594603884,false
1041495,114006.2,0.004,456.0248,1758594603884,false
1041496,114006.2,0.002,228.0124,1758594603887,false
1041497,114006.2,0.004,456.0248,1758594603890,false
1041498,114006.2,0.019,2166.1178,1758594603894,false
1041499,114006.2,0.008,912.0496,1758594603894,false
1041500,114026.4,0.01,1140.264,1758594604432,false
1041501,114026.4,0.011,1254.2904,1758594604446,false
1041502,114026.4,0.01,1140.264,1758594604487,false
1041503,114040.7,0.021,2394.8547,1758594605829,false
1041504,114011.4,0.006,684.0684,1758594613669,false
1041505,114011.6,0.001,114.0116,1758594613669,false
1041506,114011.6,0.04,4560.464,1758594613700,false
1041507,114012.0,0.006,684.072,1758594613700,false
1041508,114024.8,0.005,570.124,1758594614196,false
1041509,114024.8,0.003,342.0744,1758594614196,false
1041510,114024.8,0.005,570.124,1758594614197,false
1041511,114024.8,0.002,228.0496,1758594614197,false
1041512,114024.8,0.002,228.0496,1758594614249,false
1041513,114037.7,0.004,456.1508,1758594614928,false
1041514,114037.7,0.003,342.1131,1758594614930,false
1041515,114037.7,0.002,228.0754,1758594614931,false
1041516,114037.7,0.004,456.1508,1758594614967,false
1041517,114000.0,0.001,114.0,1758594663403,true
1041518,114001.9,0.007,798.0133,1758594668891,false
1041519,114003.8,0.001,114.0038,1758594668983,false
1041520,114024.3,0.002,228.0486,1758594687901,false
1041521,114024.3,0.001,114.0243,1758594687911,false
1041522,114043.4,0.02,2280.868,1758594700927,false
1041523,114043.5,0.002,228.087,1758594700927,false
1041524,114046.0,0.017,1938.782,1758594700927,false
1041525,114048.5,0.011,1254.5335,1758594700927,false
1041526,114051.0,0.011,1254.561,1758594700927,false
1041527,114053.4,0.013,1482.6942,1758594700927,false
1041528,114053.5,0.011,1254.5885,1758594700927,false
1041529,114056.3,0.001,114.0563,1758594700927,false
1041530,114042.8,0.021,2394.8988,1758594704418,true
1041531,114042.7,0.005,570.2135,1758594704418,true
1041532,114042.1,0.011,1254.4631,1758594704418,true
1041533,114037.1,0.011,1254.4081,1758594704418,true
1041534,114036.9,0.003,342.1107,1758594704418,true
1041535,114044.7,0.001,114.0447,1758594721670,true
1041536,114033.5,0.001,114.0335,1758594723069,true
1041537,114013.8,0.03,3420.414,1758594736852,true
1041538,114000.8,0.004,456.0032,1758594738084,true
1041539,113980.0,0.001,113.98,1758594780085,false
1041540,113988.7,0.001,113.9887,1758594782860,true
1041541,113969.9,0.008,911.7592,1758594801415,true
1041542,113988.9,0.001,113.9889,1758594831609,false
1041543,114005.9,0.021,2394.1239,1758594884666,false
1041544,114008.5,0.004,456.034,1758594884666,false
1041545,114008.8,0.013,1482.1144,1758594884666,false
1041546,114022.6,0.001,114.0226,1758594903293,true
1041547,114030.9,0.006,684.1854,1758594908657,false
1041548,114069.7,0.001,114.0697,1758594949435,false
1041549,114069.7,0.014,1596.9758,1758594949435,false
1041550,114069.8,0.01,1140.698,1758594949435,false
1041551,114073.6,0.001,114.0736,1758594962944,true
1041552,114073.6,0.001,114.0736,1758594963024,true
1041553,114057.2,0.004,456.2288,1758594979103,false
1041554,114064.4,0.006,684.3864,1758594979103,false
1041555,114040.9,0.021,2394.8589,1758595001183,true
1041556,114040.8,0.02,2280.816,1758595001183,true
1041557,114040.6,0.152,17334.1712,1758595001183,true
1041558,114038.9,0.003,342.1167,1758595050355,true
1041559,114016.9,0.002,228.0338,1758595072318,false
1041560,114025.1,0.002,228.0502,1758595074216,false
1041561,114025.1,0.002,228.0502,1758595074216,false
1041562,114025.1,0.002,228.0502,1758595074216,false
1041563,114017.9,0.001,114.0179,1758595082753,true
1041564,114018.0,0.001,114.018,1758595083021,false
1041565,114029.6,0.021,2394.6216,1758595104324,false
1041566,114029.7,0.002,228.0594,1758595104324,false
1041567,114034.5,0.005,570.1725,1758595104324,false
1041568,114028.9,0.002,228.0578,1758595146823,false
1041569,114013.0,0.002,228.026,1758595174789,false
1041570,114011.1,0.001,114.0111,1758595202699,true
1041571,114000.0,0.001,114.0,1758595262980,true
1041572,114000.0,0.001,114.0,1758595267139,true
1041573,114000.0,0.021,2394.0,1758595267139,true
1041574,113996.0,0.022,2507.912,1758595267139,true
1041575,113995.9,0.012,1367.9508,1758595267139,true
1041576,113995.9,0.144,16415.4096,1758595267139,true
1041577,113998.5,0.001,113.9985,1758595322895,true
1041578,113998.6,0.001,113.9986,1758595329583,false
1041579,114000.8,0.001,114.0008,1758595329613,false
1041580,114005.1,0.004,456.0204,1758595329708,false
1041581,113993.5,0.003,341.9805,1758595347061,true
1041582,113993.5,0.022,2507.857,1758595347061,true
1041583,113993.4,0.02,2279.868,1758595347061,true
1041584,113992.0,0.022,2507.824,1758595347061,true
1041585,113991.9,0.175,19948.5825,1758595347061,true
1041586,113987.8,0.001,113.9878,1758595347061,true
1041587,113987.0,0.007,797.909,1758595347061,true
1041588,113986.9,0.011,1253.8559,1758595347061,true
1041589,113986.7,0.011,1253.8537,1758595347061,true
1041590,113985.2,0.001,113.9852,1758595347061,true
1041591,113983.0,0.012,1367.796,1758595347061,true
1041592,113982.3,0.008,911.8584,1758595347061,true
1041593,113982.3,0.006,683.8938,1758595347061,true
1041594,113981.0,0.044,5015.164,1758595347061,true
1041595,113980.5,0.012,1367.766,1758595347061,true
1041596,113980.3,0.013,1481.7439,1758595347061,true
1041597,113978.9,0.03,3419.367,1758595347061,true
1041598,113976.6,0.011,1253.7426,1758595347061,true
1041599,113976.5,0.006,683.859,1758595347061,true
1041600,113976.4,0.001,113.9764,1758595347061,true
1041601,113976.4,0.015,1709.646,1758595347061,true
1041602,113973.2,0.012,1367.6784,1758595347061,true
1041603,113970.8,0.013,1481.6204,1758595347061,true
1041604,113967.0,0.016,1823.472,1758595347061,true
1041605,113966.9,0.009,1025.7021,1758595347061,true
1041606,113966.7,0.044,5014.5348,1758595347061,true
1041607,113965.0,0.001,113.965,1758595347061,true
1041608,113964.0,0.014,1595.496,1758595347061,true
1041609,113963.8,0.015,1709.457,1758595347061,true
1041610,113958.6,0.011,1253.5446,1758595347061,true
1041611,113958.5,0.008,911.668,1758595347061,true
1041612,113958.5,0.015,1709.3775,1758595347061,true
1041613,113958.4,0.012,1367.5008,1758595347061,true
1041614,113956.3,0.081,9230.4603,1758595347061,true
1041615,113984.1,0.019,2165.6979,1758595375853,true
1041616,113984.0,0.102,11626.368,1758595375853,true
1041617,113984.2,0.001,113.9842,1758595383031,true
1041618,113984.2,0.005,569.921,1758595392861,true
1041619,113977.0,0.03,3419.31,1758595392873,true
1041622,113988.9,0.001,113.9889,1758595442751,true
1041623,113984.0,0.001,113.984,1758595468151,true
1041624,113974.6,0.001,113.9746,1758595502662,true
1041625,113978.7,0.001,113.9787,1758595503083,true
1041626,113978.7,0.001,113.9787,1758595503171,true
1041627,113978.7,0.002,227.9574,1758595503181,true
1041628,113986.8,0.004,455.9472,1758595504140,false
1041629,113972.5,0.001,113.9725,1758595544271,true
1041630,113953.8,0.001,113.9538,1758595554790,true
1041631,113947.5,0.004,455.79,1758595554790,true
1041632,113947.4,0.004,455.7896,1758595554790,true
1041633,113966.5,0.001,113.9665,1758595563087,true
1041634,113966.5,0.001,113.9665,1758595563283,true
1041635,113967.7,0.009,1025.7093,1758595565032,false
1041636,113965.8,0.001,113.9658,1758595623148,true
1041637,113969.7,0.001,113.9697,1758595653968,false
1041638,113988.8,0.001,113.9888,1758595683134,true
1041639,113974.2,0.001,113.9742,1758595742961,true
1041640,113967.8,0.006,683.8068,1758595749484,true
1041641,113953.6,0.002,227.9072,1758595753388,true
1041642,113953.6,0.002,227.9072,1758595753390,true
1041643,113953.6,0.004,455.8144,1758595753394,true
1041644,113953.6,0.008,911.6288,1758595753414,true
1041645,113953.6,0.002,227.9072,1758595753417,true
1041646,113953.6,0.004,455.8144,1758595753420,true
1041647,113953.6,0.004,455.8144,1758595753432,true
1041648,113946.8,0.008,911.5744,1758595756033,true
1041649,113946.7,0.035,3988.1345,1758595756033,true
1041650,113919.4,0.01,1139.194,1758595780042,true
1041651,113919.4,0.01,1139.194,1758595780042,true
1041652,113919.4,0.01,1139.194,1758595780042,true
1041653,113916.3,0.001,113.9163,1758595801154,false
1041654,113918.5,0.001,113.9185,1758595801678,false
1041655,113929.2,0.001,113.9292,1758595802724,true
1041656,113925.5,0.001,113.9255,1758595802986,true
1041657,113931.9,0.026,2962.2294,1758595810797,true
1041658,113937.9,0.009,1025.4411,1758595815077,false
1041660,113919.5,0.001,113.9195,1758595862590,true
1041662,113935.0,0.002,227.87,1758595894486,true
1041663,113943.8,0.001,113.9438,1758595922727,true
1041664,113925.9,0.001,113.9259,1758595982887,true
1041665,113910.4,0.087,9910.2048,1758596041101,true
1041666,113885.7,0.003,341.6571,1758596041970,true
1041667,113883.7,0.002,227.7674,1758596041970,true
1041668,113876.3,0.004,455.5052,1758596042181,true
1041669,113876.3,0.002,227.7526,1758596042183,true
1041670,113874.6,0.001,113.8746,1758596042733,false
1041671,113867.1,0.001,113.8671,1758596042872,true
1041672,113867.0,0.001,113.867,1758596069376,true
1041673,113856.4,0.001,113.8564,1758596069446,true
1041674,113850.0,0.009,1024.65,1758596069454,true
1041675,113847.9,0.02,2276.958,1758596077670,false
1041676,113845.8,0.001,113.8458,1758596084399,true
1041677,113842.0,0.003,341.526,1758596085950,true
1041678,113842.0,0.004,455.368,1758596085950,true
1041679,113842.0,0.01,1138.42,1758596085950,true
1041680,113842.0,0.009,1024.578,1758596085950,true
1041681,113842.0,0.004,455.368,1758596085956,true
1041682,113805.8,0.001,113.8058,1758596091050,true
1041683,113800.0,0.001,113.8,1758596091053,true
1041684,113800.0,0.001,113.8,1758596091053,true
1041685,113762.3,0.03,3412.869,1758596091181,true
1041686,113759.8,0.001,113.7598,1758596091181,true
1041687,113757.5,0.001,113.7575,1758596091181,true
1041688,113716.7,0.03,3411.501,1758596093088,true
1041689,113712.0,0.001,113.712,1758596093167,true
1041690,113711.0,0.011,1250.821,1758596093519,true
1041691,113700.1,0.004,454.8004,1758596093519,true
1041692,113700.0,0.001,113.7,1758596094037,true
1041693,113700.0,0.004,454.8,1758596094037,true
1041694,113697.1,0.001,113.6971,1758596094037,true
1041695,113696.3,0.005,568.4815,1758596094037,true
1041696,113686.0,0.019,2160.034,1758596094037,true
1041697,113686.0,0.001,113.686,1758596095645,true
1041698,113686.0,0.012,1364.232,1758596096058,true
1041699,113686.0,0.003,341.058,1758596096058,true
1041700,113686.0,0.011,1250.546,1758596096059,true
1041701,113686.0,0.004,454.744,1758596096061,true
1041702,113649.6,0.02,2272.992,1758596096234,false
1041703,113651.9,0.005,568.2595,1758596096261,false
1041704,113652.0,0.005,568.26,1758596096261,false
1041705,113652.0,0.005,568.26,1758596096264,false
1041706,113654.4,0.005,568.272,1758596096264,false
1041707,113654.3,0.01,1136.543,1758596096319,false
1041708,113656.8,0.003,340.9704,1758596096319,false
1041709,113652.0,0.005,568.26,1758596096337,false
1041710,113652.0,0.005,568.26,1758596096337,false
1041711,113656.8,0.005,568.284,1758596096337,false
1041712,113659.1,0.005,568.2955,1758596096423,false
1041713,113655.2,0.012,1363.8624,1758596096620,true
1041714,113657.6,0.012,1363.8912,1758596098041,true
1041715,113650.1,0.018,2045.7018,1758596098043,true
1041716,113649.7,0.01,1136.497,1758596098043,true
1041717,113649.5,0.01,1136.495,1758596098043,true
1041718,113645.8,0.02,2272.916,1758596098047,true
1041719,113656.1,0.001,113.6561,1758596100400,true
1041720,113656.1,0.001,113.6561,1758596100400,true
1041721,113653.4,0.003,340.9602,1758596100522,true
1041722,113653.4,0.001,113.6534,1758596100522,true
1041723,113653.4,0.003,340.9602,1758596100524,true
1041724,113634.0,0.001,113.634,1758596100532,true
1041725,113635.2,0.012,1363.6224,1758596100540,true
1041726,113631.3,0.016,1818.1008,1758596100543,true
1041727,113619.7,0.002,227.2394,1758596101078,true
1041728,113624.5,0.001,113.6245,1758596103020,false
1041729,113614.8,0.001,113.6148,1758596103220,true
1041730,113638.4,0.001,113.6384,1758596105013,false
1041731,113638.4,0.015,1704.576,1758596105013,false
1041732,113656.1,0.001,113.6561,1758596106577,false
1041733,113659.0,0.001,113.659,1758596107238,false
1041734,113636.4,0.03,3409.092,1758596110098,false
1041735,113636.4,0.102,11590.9128,1758596110099,false
1041736,113659.6,0.175,19890.43,1758596113254,false
1041737,113670.2,0.011,1250.3722,1758596113254,false
1041738,113670.3,0.005,568.3515,1758596113254,false
1041739,113670.4,0.009,1023.0336,1758596113254,false
1041740,113657.2,0.013,1477.5436,1758596127886,false
1041741,113657.2,0.015,1704.858,1758596127900,false
1041742,113657.2,0.042,4773.6024,1758596127900,false
1041743,113684.2,0.027,3069.4734,1758596132072,false
1041744,113684.2,0.002,227.3684,1758596132072,false
1041745,113684.4,0.001,113.6844,1758596132072,false
1041746,113684.4,0.028,3183.1632,1758596132072,false
1041747,113684.4,0.033,3751.5852,1758596132072,false
1041748,113684.4,0.027,3069.4788,1758596132089,false
1041750,113794.7,0.002,227.5894,1758596161073,true
1041751,113794.7,0.002,227.5894,1758596161073,true
1041752,113791.7,0.002,227.5834,1758596161073,true
1041753,113794.8,0.001,113.7948,1758596161765,false
1041754,113794.8,0.018,2048.3064,1758596161765,false
1041755,113787.4,0.001,113.7874,1758596162919,true
1041756,113797.6,0.003,341.3928,1758596199449,false
1041758,113792.4,0.001,113.7924,1758596223230,true
1041759,113816.4,0.001,113.8164,1758596263636,true
1041760,113803.7,0.001,113.8037,1758596282934,true
1041761,113803.7,0.001,113.8037,1758596283019,true
1041762,113815.0,0.001,113.815,1758596297969,false
1041763,113803.7,0.002,227.6074,1758596342938,true
1041764,113770.3,0.001,113.7703,1758596359418,false
1041765,113771.0,0.001,113.771,1758596360259,false
1041766,113770.8,0.001,113.7708,1758596371452,false
1041767,113787.9,0.008,910.3032,1758596372107,false
1041768,113788.0,0.001,113.788,1758596372107,false
1041769,113759.0,0.001,113.759,1758596403024,false
1041770,113759.1,0.001,113.7591,1758596403301,false
1041771,113765.7,0.001,113.7657,1758596403301,false
1041772,113765.7,0.011,1251.4227,1758596403301,false
1041773,113767.0,0.017,1934.039,1758596403301,false
1041774,113750.1,0.001,113.7501,1758596404080,true
1041775,113750.0,0.001,113.75,1758596416737,true
1041776,113720.0,0.039,4435.08,1758596418080,true
1041777,113683.4,0.002,227.3668,1758596425025,false
1041778,113683.4,0.001,113.6834,1758596425169,false
1041779,113702.8,0.001,113.7028,1758596450738,true
1041780,113700.1,0.012,1364.4012,1758596450738,true
1041781,113698.7,0.012,1364.3844,1758596450738,true
1041782,113692.9,0.01,1136.929,1758596450738,true
1041783,113691.4,0.001,113.6914,1758596450738,true
1041784,113688.5,0.013,1477.9505,1758596450738,true
1041785,113684.9,0.003,341.0547,1758596450738,true
1041786,113707.5,0.001,113.7075,1758596463333,true
1041787,113707.5,0.001,113.7075,1758596463411,true
1041788,113685.9,0.001,113.6859,1758596472142,false
1041789,113710.7,0.003,341.1321,1758596472660,false
1041790,113710.7,0.013,1478.2391,1758596472660,false
1041791,113710.9,0.014,1591.9526,1758596472660,false
1041792,113711.1,0.014,1591.9554,1758596472661,false
1041793,113726.8,0.007,796.0876,1758596476697,false
1041794,113726.8,0.002,227.4536,1758596476764,false
1041795,113673.0,0.007,795.711,1758596520391,true
1041796,113687.8,0.02,2273.756,1758596523211,false
1041797,113687.9,0.007,795.8153,1758596523211,false
1041798,113664.0,0.012,1363.968,1758596545545,false
1041799,113679.5,0.01,1136.795,1758596554842,false
1041800,113679.5,0.005,568.3975,1758596554842,false
1041801,113691.9,0.009,1023.2271,1758596557431,false
1041802,113726.6,0.001,113.7266,1758596580291,false
1041803,113742.5,0.001,113.7425,1758596582519,true
1041804,113738.7,0.001,113.7387,1758596583168,true
1041805,113687.5,0.002,227.375,1758596593831,false
1041806,113704.2,0.02,2274.084,1758596600051,false
1041807,113707.2,0.013,1478.1936,1758596600051,false
1041808,113707.3,0.001,113.7073,1758596600051,false
1041809,113707.3,0.02,2274.146,1758596600051,false
1041810,113707.6,0.02,2274.152,1758596600051,false
1041811,113707.7,0.044,5003.1388,1758596600051,false
1041812,113713.8,0.01,1137.138,1758596600051,false
1041813,113716.0,0.012,1364.592,1758596600051,false
1041814,113716.1,0.02,2274.322,1758596600051,false
1041815,113716.2,0.037,4207.4994,1758596600051,false
1041816,113716.3,0.175,19900.3525,1758596600051,false
1041817,113716.9,0.018,2046.9042,1758596600051,false
1041818,113717.3,0.044,5003.5612,1758596600051,false
1041819,113720.0,0.01,1137.2,1758596600051,false
1041820,113721.6,0.015,1705.824,1758596600051,false
1041821,113721.7,0.047,5344.9199,1758596600053,true
1041822,113721.7,0.002,227.4434,1758596600056,true
1041823,113721.7,0.004,454.8868,1758596600063,true
1041824,113721.7,0.001,113.7217,1758596600119,true
1041825,113721.7,0.125,14215.2125,1758596605054,true
1041826,113721.7,0.074,8415.4058,1758596609320,true
1041827,113721.7,0.052,5913.5284,1758596609320,true
1041828,113721.7,0.012,1364.6604,1758596609323,true
1041829,113721.7,0.03,3411.651,1758596609326,true
1041830,113721.7,0.194,22062.0098,1758596609368,true
1041831,113695.6,0.001,113.6956,1758596612372,true
1041832,113695.4,0.001,113.6954,1758596612770,true
1041833,113667.1,0.002,227.3342,1758596614339,false
1041834,113668.1,0.002,227.3362,1758596616927,false
1041835,113691.1,0.004,454.7644,1758596640683,false
1041836,113691.1,0.001,113.6911,1758596640683,false
1041837,113691.1,0.001,113.6911,1758596640683,false
1041838,113691.1,0.001,113.6911,1758596640694,false
1041839,113691.1,0.004,454.7644,1758596640712,false
1041840,113691.1,0.023,2614.8953,1758596640722,false
1041841,113691.1,0.01,1136.911,1758596640835,false
1041842,113691.1,0.02,2273.822,1758596640835,false
1041843,113691.1,0.001,113.6911,1758596640835,false
1041844,113691.2,0.002,227.3824,1758596640835,false
1041845,113691.1,0.001,113.6911,1758596640853,false
1041846,113691.6,0.004,454.7664,1758596640853,false
1041847,113691.0,0.002,227.382,1758596641430,true
1041848,113691.3,0.001,113.6913,1758596641769,false
1041849,113691.3,0.033,3751.8129,1758596641769,false
1041850,113691.3,0.001,113.6913,1758596641769,false
1041851,113691.5,0.003,341.0745,1758596641769,false
1041852,113688.1,0.001,113.6881,1758596643233,true
1041853,113691.0,0.001,113.691,1758596644525,true
1041854,113623.0,0.03,3408.69,1758596702699,true
1041855,113600.1,0.001,113.6001,1758596705636,true
1041856,113625.7,0.002,227.2514,1758596716030,false
1041857,113625.7,0.008,909.0056,1758596716030,false
1041858,113612.5,0.002,227.225,1758596727709,false
1041859,113632.4,0.001,113.6324,1758596762850,true
1041860,113635.0,0.001,113.635,1758596762979,true
1041861,113627.3,0.001,113.6273,1758596765067,true
1041862,113627.3,0.001,113.6273,1758596765067,true
1041863,113627.3,0.001,113.6273,1758596765067,true
1041864,113627.3,0.001,113.6273,1758596765067,true
1041865,113627.3,0.001,113.6273,1758596765067,true
1041866,113627.3,0.001,113.6273,1758596765067,true
1041867,113627.3,0.001,113.6273,1758596765067,true
1041868,113627.3,0.001,113.6273,1758596765067,true
1041869,113627.3,0.001,113.6273,1758596765067,true
1041870,113627.3,0.001,113.6273,1758596765067,true
1041871,113627.3,0.001,113.6273,1758596765067,true
1041872,113627.3,0.001,113.6273,1758596765067,true
1041873,113627.3,0.001,113.6273,1758596765067,true
1041874,113627.3,0.001,113.6273,1758596765067,true
1041875,113627.3,0.001,113.6273,1758596765067,true
1041876,113627.3,0.001,113.6273,1758596765067,true
1041877,113627.3,0.001,113.6273,1758596765067,true
1041878,113627.3,0.001,113.6273,1758596765067,true
1041879,113627.3,0.001,113.6273,1758596765067,true
1041880,113627.3,0.001,113.6273,1758596765067,true
1041881,113627.3,0.001,113.6273,1758596765067,true
1041882,113627.2,0.001,113.6272,1758596765067,true
1041883,113627.2,0.001,113.6272,1758596765067,true
1041884,113627.2,0.001,113.6272,1758596765067,true
1041885,113627.2,0.001,113.6272,1758596765067,true
1041886,113627.2,0.001,113.6272,1758596765067,true
1041887,113627.2,0.001,113.6272,1758596765067,true
1041888,113627.2,0.001,113.6272,1758596765067,true
1041889,113627.2,0.001,113.6272,1758596765067,true
1041890,113627.2,0.001,113.6272,1758596765067,true
1041891,113627.2,0.001,113.6272,1758596765067,true
1041892,113627.2,0.001,113.6272,1758596765067,true
1041893,113627.2,0.001,113.6272,1758596765067,true
1041894,113627.2,0.001,113.6272,1758596765067,true
1041895,113627.2,0.001,113.6272,1758596765067,true
1041896,113627.2,0.001,113.6272,1758596765067,true
1041897,113627.2,0.001,113.6272,1758596765067,true
1041898,113627.2,0.001,113.6272,1758596765067,true
1041899,113627.2,0.001,113.6272,1758596765067,true
1041900,113627.2,0.001,113.6272,1758596765067,true
1041901,113627.2,0.001,113.6272,1758596765067,true
1041902,113624.6,0.001,113.6246,1758596765067,true
1041903,113624.6,0.001,113.6246,1758596765067,true
1041904,113624.6,0.001,113.6246,1758596765067,true
1041905,113624.6,0.001,113.6246,1758596765067,true
1041906,113624.6,0.001,113.6246,1758596765067,true
1041907,113624.6,0.001,113.6246,1758596765067,true
1041908,113624.6,0.001,113.6246,1758596765067,true
1041909,113624.6,0.001,113.6246,1758596765067,true
1041910,113624.6,0.001,113.6246,1758596765067,true
1041911,113624.6,0.001,113.6246,1758596765067,true
1041912,113624.6,0.001,113.6246,1758596765067,true
1041913,113624.6,0.001,113.6246,1758596765067,true
1041914,113624.6,0.001,113.6246,1758596765067,true
1041915,113624.6,0.001,113.6246,1758596765067,true
1041916,113624.6,0.001,113.6246,1758596765067,true
1041917,113624.6,0.001,113.6246,1758596765067,true
1041918,113624.6,0.001,113.6246,1758596765067,true
1041919,113600.0,0.001,113.6,1758596806573,true
1041921,113559.5,0.02,2271.19,1758596862762,true
1041922,113548.4,0.003,340.6452,1758596869880,true
1041923,113559.5,0.008,908.476,1758596873085,false
1041924,113559.5,0.066,7494.927,1758596874337,false
1041925,113583.7,0.029,3293.9273,1758596880488,true
1041926,113586.3,0.001,113.5863,1758596881307,false
1041927,113573.4,0.001,113.5734,1758596883492,true
1041928,113526.0,0.019,2156.994,1758596918049,true
1041929,113526.0,0.011,1248.786,1758596918055,true
1041930,113520.4,0.001,113.5204,1758596918055,true
1041931,113516.7,0.02,2270.334,1758596918055,true
1041932,113514.7,0.176,19978.5872,1758596918055,true
1041933,113512.6,0.016,1816.2016,1758596918055,true
1041934,113509.4,0.012,1362.1128,1758596918055,true
1041935,113509.3,0.012,1362.1116,1758596918055,true
1041936,113509.2,0.008,908.0736,1758596918055,true
1041937,113509.0,0.001,113.509,1758596918055,true
1041938,113507.6,0.01,1135.076,1758596918055,true
1041939,113506.0,0.044,4994.264,1758596918055,true
1041940,113503.9,0.007,794.5273,1758596918055,true
1041941,113503.8,0.01,1135.038,1758596918055,true
1041942,113500.5,0.013,1475.5065,1758596918055,true
1041943,113500.0,0.001,113.5,1758596918055,true
1041944,113500.0,0.001,113.5,1758596918055,true
1041945,113500.0,0.008,908.0,1758596918055,true
1041946,113500.0,0.001,113.5,1758596918055,true
1041947,113498.7,0.012,1361.9844,1758596918055,true
1041948,113498.4,0.001,113.4984,1758596918055,true
1041949,113497.6,0.001,113.4976,1758596918055,true
1041950,113497.6,0.011,1248.4736,1758596918055,true
1041951,113494.3,0.012,1361.9316,1758596918055,true
1041952,113494.2,0.007,794.4594,1758596918055,true
1041953,113494.1,0.044,4993.7404,1758596918055,true
1041954,113491.9,0.007,794.4433,1758596918055,true
1041955,113491.8,0.01,1134.918,1758596918055,true
1041956,113491.6,0.01,1134.916,1758596918055,true
1041957,113487.2,0.012,1361.8464,1758596918055,true
1041958,113487.1,0.012,1361.8452,1758596918055,true
1041959,113486.2,0.001,113.4862,1758596918055,true
1041960,113485.5,0.001,113.4855,1758596918055,true
1041961,113483.0,0.012,1361.796,1758596918055,true
1041962,113480.6,0.006,680.8836,1758596918055,true
1041963,113480.6,0.014,1588.7284,1758596918055,true
1041964,113480.5,0.01,1134.805,1758596918055,true
1041965,113475.8,0.019,2156.0402,1758596918055,true
1041966,113475.8,0.097,11007.1526,1758596918055,true
1041967,113475.7,0.012,1361.7084,1758596918055,true
1041968,113475.6,0.007,794.3292,1758596918055,true
1041969,113474.8,0.001,113.4748,1758596918055,true
1041970,113473.6,0.044,4992.8384,1758596918055,true
1041971,113471.1,0.014,1588.5954,1758596918055,true
1041972,113468.7,0.006,680.8122,1758596918055,true
1041973,113468.6,0.01,1134.686,1758596918055,true
1041974,113464.4,0.017,1928.8948,1758596918055,true
1041975,113464.3,0.012,1361.5716,1758596918055,true
1041976,113463.4,0.001,113.4634,1758596918055,true
1041977,113463.3,0.007,794.2431,1758596918055,true
1041978,113463.2,0.044,4992.3808,1758596918055,true
1041979,113452.9,0.012,1361.4348,1758596918055,true
1041980,113452.0,0.001,113.452,1758596918055,true
1041981,113443.9,0.001,113.4439,1758596918055,true
1041982,113442.8,0.008,907.5424,1758596918055,true
1041983,113442.7,0.044,4991.4788,1758596918055,true
1041984,113441.5,0.012,1361.298,1758596918055,true
1041985,113440.6,0.001,113.4406,1758596918055,true
1041986,113430.1,0.012,1361.1612,1758596918055,true
1041987,113429.4,0.709,80421.4446,1758596918055,true
1041988,113429.2,0.001,113.4292,1758596918055,true
1041989,113428.2,0.001,113.4282,1758596918055,true
1041990,113423.2,0.709,80417.0488,1758596918055,true
1041991,113422.2,0.044,4990.5768,1758596918055,true
1041992,113418.7,0.012,1361.0244,1758596918055,true
1041993,113417.8,0.001,113.4178,1758596918055,true
1041994,113416.9,0.001,113.4169,1758596918055,true
1041995,113408.8,0.001,113.4088,1758596918055,true
1041996,113407.3,0.012,1360.8876,1758596918055,true
1041997,113401.7,0.015,1701.0255,1758596918055,true
1041998,113401.6,0.097,10999.9552,1758596918055,true
1041999,113401.1,0.001,113.4011,1758596918055,true
1042000,113400.0,0.001,113.4,1758596918055,true
1042001,113400.0,0.001,113.4,1758596918055,true
1042002,113395.9,0.012,1360.7508,1758596918055,true
1042003,113390.7,0.01,1133.907,1758596918055,true
1042004,113390.5,0.001,113.3905,1758596918055,true
1042005,113384.5,0.012,1360.614,1758596918055,true
1042006,113379.9,0.001,113.3799,1758596918055,true
1042007,113373.1,0.012,1360.4772,1758596918055,true
1042008,113370.9,0.001,113.3709,1758596918055,true
1042009,113368.9,0.775,87860.8975,1758596918055,true
1042010,113361.7,0.012,1360.3404,1758596918055,true
1042011,113360.5,0.145,16437.2725,1758596918055,true
1042012,113357.6,0.099,11222.4024,1758596918055,true
1042013,113357.5,0.467,52937.9525,1758596918055,true
1042014,113505.4,0.044,4994.2376,1758596934758,false
1042015,113501.9,0.005,567.5095,1758596937560,true
1042016,113499.2,0.01,1134.992,1758596937560,true
1042017,113494.7,0.026,2950.8622,1758596940350,true
1042018,113494.7,0.026,2950.8622,1758596940357,true
1042019,113494.6,0.001,113.4946,1758596940674,true
1042020,113492.2,0.001,113.4922,1758596942136,true
1042021,113492.7,0.001,113.4927,1758596943022,true
1042022,113501.3,0.001,113.5013,1758596943023,false
1042024,113500.8,0.02,2270.016,1758596962831,false
1042025,113501.0,0.001,113.501,1758596962831,false
1042027,113501.3,0.003,340.5039,1758596968889,true
1042028,113500.7,0.002,227.0014,1758596979360,false
1042029,113500.7,0.168,19068.1176,1758596979381,false
1042030,113500.7,0.02,2270.014,1758596979394,false
1042031,113500.7,0.015,1702.5105,1758596979453,false
1042032,113500.6,0.005,567.503,1758596980708,true
1042033,113500.7,0.598,67873.4186,1758596983176,false
1042034,113500.7,0.035,3972.5245,1758596983554,false
1042035,113500.7,0.072,8172.0504,1758596983604,false
1042036,113500.7,0.008,908.0056,1758596983615,false
1042037,113500.7,0.028,3178.0196,1758596983618,false
1042038,113500.7,0.005,567.5035,1758596983620,false
1042039,113500.7,0.026,2951.0182,1758596983620,false
1042040,113500.7,0.008,908.0056,1758596983643,false
1042041,113500.7,0.036,4086.0252,1758596983643,false
1042042,113500.7,0.005,567.5035,1758596983648,false
1042043,113500.7,0.074,8399.0518,1758596983909,false
1042044,113500.7,0.074,8399.0518,1758596984717,false
1042046,113500.7,0.075,8512.5525,1758596987972,false
1042047,113500.7,0.993,112706.1951,1758596988107,false
1042048,113500.7,0.101,11463.5707,1758596988111,false
1042049,113500.7,0.006,681.0042,1758596988111,false
1042050,113500.7,0.032,3632.0224,1758596988113,false
1042051,113500.7,0.016,1816.0112,1758596988113,false
1042052,113500.7,0.002,227.0014,1758596988115,false
1042053,113500.7,0.073,8285.5511,1758596988334,false
1042054,113500.7,0.101,11463.5707,1758596988694,false
1042055,113500.7,0.102,11577.0714,1758596988694,false
1042056,113500.7,0.325,36887.7275,1758596992760,false
1042057,113501.5,0.003,340.5045,1758596992760,false
1042058,113501.5,0.003,340.5045,1758596992760,false
1042059,113503.2,0.005,567.516,1758596992760,false
1042060,113503.5,0.006,681.021,1758596992760,false
1042061,113503.7,0.003,340.5111,1758596992760,false
1042062,113506.9,0.02,2270.138,1758596992760,false
1042063,113510.5,0.022,2497.231,1758596992760,false
1042064,113510.9,0.011,1248.6199,1758596992760,false
1042065,113508.8,0.02,2270.176,1758596996431,false
1042066,113511.2,0.013,1475.6456,1758596996431,false
1042067,113518.8,0.005,567.594,1758597001252,false
1042068,113518.8,0.032,3632.6016,1758597001252,false
1042069,113518.8,0.001,113.5188,1758597001252,false
1042070,113518.8,0.005,567.594,1758597001252,false
1042071,113518.9,0.01,1135.189,1758597001252,false
1042072,113518.9,0.01,1135.189,1758597001252,false
1042073,113537.8,0.001,113.5378,1758597002761,true
1042074,113526.7,0.001,113.5267,1758597003469,true
1042075,113526.7,0.001,113.5267,1758597003478,true
1042076,113526.6,0.001,113.5266,1758597003478,true
1042077,113525.4,0.004,454.1016,1758597006367,true
1042078,113525.4,0.004,454.1016,1758597006370,true
1042079,113525.4,0.005,567.627,1758597006383,true
1042080,113525.4,0.011,1248.7794,1758597006393,true
1042081,113525.4,0.006,681.1524,1758597006393,true
1042082,113526.8,0.001,113.5268,1758597031590,false
1042083,113516.4,0.001,113.5164,1758597059740,false
1042084,113518.3,0.004,454.0732,1758597059740,false
1042085,113516.0,0.003,340.548,1758597063019,true
1042086,113509.3,0.005,567.5465,1758597065859,false
1042087,113502.9,0.003,340.5087,1758597067067,true
1042088,113500.0,0.03,3405.0,1758597070625,true
1042089,113490.8,0.026,2950.7608,1758597082035,true
1042090,113490.7,0.176,19974.3632,1758597082035,true
1042091,113484.0,0.022,2496.648,1758597082035,true
1042092,113483.9,0.02,2269.678,1758597082035,true
1042093,113483.5,0.022,2496.637,1758597082035,true
1042094,113478.4,0.011,1248.2624,1758597082035,true
1042095,113478.4,0.013,1475.2192,1758597082035,true
1042096,113478.3,0.012,1361.7396,1758597082035,true
1042097,113478.2,0.02,2269.564,1758597082035,true
1042098,113475.7,0.001,113.4757,1758597082035,true
1042099,113474.5,0.012,1361.694,1758597082035,true
1042100,113474.4,0.001,113.4744,1758597082035,true
1042101,113473.4,0.008,907.7872,1758597082035,true
1042102,113473.3,0.011,1248.2063,1758597082035,true
1042103,113473.1,0.012,1361.6772,1758597082035,true
1042104,113472.7,0.03,3404.181,1758597082035,true
1042105,113468.2,0.011,1248.1502,1758597082035,true
1042106,113468.0,0.011,1248.148,1758597082035,true
1042107,113464.3,0.001,113.4643,1758597082035,true
1042108,113461.9,0.011,1248.0809,1758597082035,true
1042109,113459.4,0.011,1248.0534,1758597082035,true
1042110,113458.3,0.017,1928.7911,1758597082035,true
1042111,113458.0,0.011,1248.038,1758597082035,true
1042112,113457.9,0.014,1588.4106,1758597082035,true
1042113,113454.1,0.044,4991.9804,1758597082035,true
1042114,113452.9,0.001,113.4529,1758597082035,true
1042115,113449.8,0.011,1247.9478,1758597082035,true
1042116,113449.7,0.011,1247.9467,1758597082035,true
1042117,113446.9,0.014,1588.2566,1758597082035,true
1042118,113446.8,0.011,1247.9148,1758597082035,true
1042119,113446.3,0.012,1361.3556,1758597082035,true
1042120,113445.0,0.023,2609.235,1758597082035,true
1042121,113479.9,0.017,1929.1583,1758597084527,true
1042122,113479.9,0.005,567.3995,1758597084528,true
1042123,113479.9,0.003,340.4397,1758597084528,true
1042124,113479.9,0.005,567.3995,1758597084545,true
1042125,113475.7,0.001,113.4757,1758597084556,true
1042126,113472.8,0.001,113.4728,1758597084665,true
1042127,113472.8,0.016,1815.5648,1758597084666,true
1042128,113453.3,0.008,907.6264,1758597084709,true
1042129,113453.3,0.019,2155.6127,1758597084709,true
1042130,113452.9,0.001,113.4529,1758597084711,true
1042131,113418.7,0.001,113.4187,1758597084849,true
1042132,113405.5,0.003,340.2165,1758597085155,true
1042133,113405.5,0.006,680.433,1758597085192,true
1042134,113405.5,0.019,2154.7045,1758597085198,true
1042135,113405.5,0.002,226.811,1758597085219,true
1042136,113399.6,0.001,113.3996,1758597085637,true
1042137,113405.6,0.004,453.6224,1758597086052,true
1042138,113445.7,0.03,3403.371,1758597090890,true
1042139,113430.8,0.03,3402.924,1758597102891,true
1042140,113449.1,0.03,3403.473,1758597116975,true
1042142,113449.2,0.005,567.246,1758597122834,false
1042143,113449.2,0.003,340.3476,1758597122834,false
1042144,113475.4,0.003,340.4262,1758597123391,true
1042145,113503.0,0.176,19976.528,1758597125029,true
1042146,113501.7,0.02,2270.034,1758597125029,true
1042147,113492.3,0.03,3404.769,1758597125029,true
1042148,113480.4,0.001,113.4804,1758597125029,true
1042149,113475.7,0.001,113.4757,1758597125029,true
1042150,113467.6,0.012,1361.6112,1758597125029,true
1042151,113464.3,0.001,113.4643,1758597125029,true
1042152,113463.7,0.007,794.2459,1758597125029,true
1042153,113463.6,0.044,4992.3984,1758597125029,true
1042154,113454.5,0.009,1021.0905,1758597125029,true
1042155,113454.4,0.044,4991.9936,1758597125029,true
1042156,113453.1,0.012,1361.4372,1758597125029,true
1042157,113452.9,0.001,113.4529,1758597125029,true
1042158,113449.2,0.312,35396.1504,1758597125032,false
1042159,113449.2,1.813,205683.3996,1758597125032,false
1042160,113449.2,0.095,10777.674,1758597125032,false
1042161,113449.2,0.002,226.8984,1758597125032,false
1042162,113449.2,0.001,113.4492,1758597125032,false
1042163,113449.2,0.101,11458.3692,1758597125033,false
1042164,113449.2,0.004,453.7968,1758597125034,false
1042165,113449.2,0.002,226.8984,1758597125034,false
1042166,113449.2,0.107,12139.0644,1758597125034,false
1042167,113449.2,0.004,453.7968,1758597125034,false
1042168,113449.2,0.201,22803.2892,1758597125034,false
1042169,113487.9,0.03,3404.637,1758597125449,true
1042170,113495.7,0.001,113.4957,1758597126901,false
1042171,113527.7,0.002,227.0554,1758597129798,false
1042172,113527.7,0.006,681.1662,1758597129821,false
1042173,113527.7,0.002,227.0554,1758597129834,false
1042174,113527.7,0.002,227.0554,1758597129895,false
1042175,113527.6,0.002,227.0552,1758597130363,true
1042176,113527.6,0.002,227.0552,1758597130573,true
1042177,113527.6,0.002,227.0552,1758597130705,true
1042178,113527.7,0.001,113.5277,1758597131173,false
1042179,113527.7,0.015,1702.9155,1758597131301,false
1042180,113527.7,0.015,1702.9155,1758597131301,false
1042181,113527.7,0.019,2157.0263,1758597131301,false
1042182,113527.7,0.001,113.5277,1758597131302,false
1042183,113527.7,0.001,113.5277,1758597131302,false
1042184,113527.7,0.015,1702.9155,1758597131302,false
1042185,113527.7,0.001,113.5277,1758597131302,false
1042186,113527.7,0.046,5222.2742,1758597131303,false
1042187,113527.7,0.019,2157.0263,1758597131303,false
1042188,113527.7,0.001,113.5277,1758597131385,false
1042189,113527.7,0.001,113.5277,1758597131453,false
1042190,113527.7,0.663,75268.8651,1758597132152,false
1042191,113527.7,0.169,19186.1813,1758597132500,false
1042192,113527.7,0.012,1362.3324,1758597132500,false
1042193,113527.7,0.017,1929.9709,1758597132501,false
1042194,113527.7,0.304,34512.4208,1758597133860,false
1042195,113522.4,0.002,227.0448,1758597135329,true
1042196,113522.3,0.035,3973.2805,1758597135329,true
1042197,113520.5,0.001,113.5205,1758597135502,true
1042198,113511.0,0.002,227.022,1758597136678,true
1042199,113510.8,0.02,2270.216,1758597136688,true
1042200,113510.8,0.01,1135.108,1758597136689,true
1042201,113503.7,0.015,1702.5555,1758597136906,true
1042202,113503.7,0.004,454.0148,1758597136908,true
1042203,113503.7,0.006,681.0222,1758597136909,true
1042204,113503.7,0.005,567.5185,1758597136921,true
1042205,113498.5,0.001,113.4985,1758597137075,true
1042206,113493.2,0.019,2156.3708,1758597137304,true
1042207,113493.2,0.002,226.9864,1758597137305,true
1042208,113493.2,0.005,567.466,1758597137307,true
1042209,113493.3,0.014,1588.9062,1758597137774,true
1042210,113493.2,0.008,907.9456,1758597137806,true
1042211,113493.2,0.006,680.9592,1758597137814,true
1042212,113493.2,0.016,1815.8912,1758597137822,true
1042213,113490.9,0.008,907.9272,1758597137965,true
1042214,113489.9,0.008,907.9192,1758597138813,true
1042215,113489.9,0.009,1021.4091,1758597138815,true
1042216,113489.9,0.001,113.4899,1758597138816,true
1042217,113489.9,0.002,226.9798,1758597138817,true
1042218,113489.9,0.002,226.9798,1758597138829,true
1042219,113489.9,0.002,226.9798,1758597138835,true
1042220,113489.9,0.002,226.9798,1758597138857,true
1042221,113489.9,0.002,226.9798,1758597138864,true
1042222,113489.9,0.005,567.4495,1758597138875,true
1042223,113489.9,0.002,226.9798,1758597138877,true
1042224,113489.9,0.011,1248.3889,1758597138903,true
1042225,113489.9,0.002,226.9798,1758597138970,true
1042226,113489.9,0.002,226.9798,1758597138975,true
1042227,113489.9,0.003,340.4697,1758597138985,true
1042228,113489.9,0.002,226.9798,1758597139009,true
1042229,113489.9,0.002,226.9798,1758597139024,true
1042230,113490.0,0.003,340.47,1758597139057,true
1042232,113490.0,0.006,680.94,1758597139696,true
1042233,113490.0,0.007,794.43,1758597139704,true
1042234,113490.0,0.002,226.98,1758597139708,true
1042235,113490.0,0.004,453.96,1758597139709,true
1042236,113481.7,0.006,680.8902,1758597143114,true
1042237,113481.7,0.002,226.9634,1758597143115,true
1042238,113481.7,0.015,1702.2255,1758597143150,true
1042239,113481.7,0.002,226.9634,1758597143154,true
1042240,113490.6,0.002,226.9812,1758597149704,true
1042241,113489.8,0.004,453.9592,1758597150616,true
1042242,113489.8,0.002,226.9796,1758597150617,true
1042243,113509.6,0.002,227.0192,1758597155553,false
1042244,113509.6,0.006,681.0576,1758597155613,false
1042245,113509.5,0.002,227.019,1758597155865,false
1042246,113509.5,0.001,113.5095,1758597156872,false
1042247,113527.7,0.001,113.5277,1758597160785,false
1042248,113527.7,0.42,47681.634,1758597161151,false
1042249,113527.7,0.001,113.5277,1758597161155,false
1042250,113527.7,0.001,113.5277,1758597162349,false
1042251,113527.7,0.001,113.5277,1758597163721,false
1042252,113527.7,0.667,75722.9759,1758597164002,false
1042253,113527.7,0.077,8741.6329,1758597164048,false
1042254,113527.7,0.126,14304.4902,1758597164124,false
1042255,113527.7,0.08,9082.216,1758597164370,false
1042256,113527.7,0.007,794.6939,1758597164664,false
1042257,113527.7,0.001,113.5277,1758597165626,false
1042258,113527.7,0.306,34739.4762,1758597166480,false
1042259,113535.0,0.001,113.535,1758597166480,false
1042260,113535.0,0.022,2497.77,1758597166480,false
1042261,113537.8,0.022,2497.8316,1758597166480,false
1042262,113540.6,0.016,1816.6496,1758597166480,false
1042263,113540.6,0.006,681.2436,1758597166481,false
1042264,113543.4,0.022,2497.9548,1758597166481,false
1042265,113566.3,0.01,1135.663,1758597166957,true
1042266,113566.3,0.002,227.1326,1758597166961,true
1042267,113566.3,0.002,227.1326,1758597166968,true
1042268,113566.3,0.002,227.1326,1758597166971,true
1042269,113566.3,0.002,227.1326,1758597166981,true
1042270,113566.3,0.002,227.1326,1758597166994,true
1042271,113570.0,0.001,113.57,1758597172591,false
1042272,113589.2,0.03,3407.676,1758597175315,true
1042273,113589.2,0.002,227.1784,1758597175501,true
1042274,113589.3,0.011,1249.4823,1758597176513,false
1042275,113589.3,0.001,113.5893,1758597176513,false
1042276,113589.3,0.011,1249.4823,1758597176513,false
1042277,113589.3,0.011,1249.4823,1758597176514,false
1042278,113589.3,0.005,567.9465,1758597176517,false
1042279,113589.3,0.005,567.9465,1758597176517,false
1042280,113600.0,0.001,113.6,1758597176790,false
1042281,113592.0,0.001,113.592,1758597183018,true
1042282,113592.0,0.001,113.592,1758597183108,true
1042283,113591.9,0.002,227.1838,1758597183108,true
1042284,113601.3,0.001,113.6013,1758597187769,true
1042286,113598.1,0.002,227.1962,1758597206428,false
1042287,113605.0,0.001,113.605,1758597207550,false
1042288,113618.6,0.022,2499.6092,1758597208095,false
1042289,113624.1,0.001,113.6241,1758597221450,false
1042290,113624.1,0.043,4885.8363,1758597222125,false
1042291,113624.6,0.02,2272.492,1758597222125,false
1042292,113644.8,0.03,3409.344,1758597223293,true
1042293,113645.0,0.001,113.645,1758597241731,false
1042294,113662.5,0.001,113.6625,1758597243061,true
1042295,113668.2,0.03,3410.046,1758597243082,true
1042296,113659.6,0.03,3409.788,1758597246527,true
1042297,113660.7,0.002,227.3214,1758597246770,true
1042298,113660.7,0.03,3409.821,1758597252277,true
1042300,113689.9,0.044,5002.3556,1758597287643,false
1042301,113689.9,0.015,1705.3485,1758597287643,false
1042302,113689.9,0.035,3979.1465,1758597289022,false
1042303,113689.9,0.001,113.6899,1758597289022,false
1042304,113690.0,0.001,113.69,1758597289022,false
1042305,113697.1,0.001,113.6971,1758597289059,false
1042306,113700.0,0.001,113.7,1758597293603,false
1042307,113711.9,0.001,113.7119,1758597301541,true
1042308,113711.4,0.001,113.7114,1758597301627,true
1042309,113699.9,0.03,3410.997,1758597301998,true
1042310,113699.9,0.021,2387.6979,1758597301998,true
1042311,113697.3,0.001,113.6973,1758597302874,true
1042312,113710.7,0.012,1364.5284,1758597309218,true
1042313,113710.6,0.009,1023.3954,1758597309218,true
1042314,113712.0,0.001,113.712,1758597310147,false
1042315,113730.0,0.001,113.73,1758597311458,false
1042316,113753.5,0.005,568.7675,1758597319762,true
1042317,113757.2,0.008,910.0576,1758597320613,false
1042318,113757.2,0.007,796.3004,1758597320613,false
1042319,113757.2,0.008,910.0576,1758597320613,false
1042320,113765.0,0.001,113.765,1758597331621,false
1042321,113787.9,0.03,3413.637,1758597342451,true
1042322,113779.4,0.01,1137.794,1758597343151,true
1042323,113779.4,0.02,2275.588,1758597343152,true
1042324,113759.2,0.002,227.5184,1758597343612,true
1042325,113759.2,0.002,227.5184,1758597343619,true
1042326,113759.2,0.002,227.5184,1758597343622,true
1042327,113759.2,0.002,227.5184,1758597343622,true
1042328,113759.2,0.005,568.796,1758597343624,true
1042329,113759.2,0.002,227.5184,1758597343625,true
1042330,113747.1,0.03,3412.413,1758597350304,true
1042331,113736.3,0.001,113.7363,1758597363738,true
1042332,113789.3,0.005,568.9465,1758597389763,false
1042333,113774.2,0.03,3413.226,1758597397214,true
1042334,113769.7,0.008,910.1576,1758597397535,true
1042335,113794.9,0.003,341.3847,1758597410459,true
1042336,113795.0,0.001,113.795,1758597426413,false
1042337,113800.0,0.001,113.8,1758597432733,false
1042338,113835.0,0.001,113.835,1758597446280,false
1042339,113834.0,0.004,455.336,1758597454101,true
1042340,113834.0,0.004,455.336,1758597454107,true
1042341,113834.0,0.002,227.668,1758597454110,true
1042342,113834.0,0.002,227.668,1758597454110,true
1042343,113821.9,0.002,227.6438,1758597455447,true
1042344,113845.8,0.001,113.8458,1758597460103,false
1042345,113856.4,0.001,113.8564,1758597470368,false
1042346,113867.0,0.001,113.867,1758597470368,false
1042347,113870.0,0.001,113.87,1758597470368,false
1042348,113873.0,0.005,569.365,1758597470368,false
1042349,113873.0,0.003,341.619,1758597480081,false
1042350,113889.6,0.03,3416.688,1758597482734,true
1042351,113882.9,0.001,113.8829,1758597482972,true
1042352,113878.8,0.001,113.8788,1758597483028,true
1042353,113877.8,0.009,1024.9002,1758597488874,true
1042354,113877.8,0.021,2391.4338,1758597488874,true
1042355,113905.0,0.001,113.905,1758597499977,false
1042356,113906.0,0.022,2505.932,1758597499977,false
1042357,113906.0,0.015,1708.59,1758597500012,false
1042358,113906.0,0.007,797.342,1758597500025,false
1042359,113916.6,0.003,341.7498,1758597501032,false
1042360,113916.6,0.003,341.7498,1758597501035,false
1042361,113916.6,0.003,341.7498,1758597501036,false
1042362,113916.6,0.035,3987.081,1758597501072,false
1042363,113930.0,0.03,3417.9,1758597506260,true
1042364,113923.5,0.015,1708.8525,1758597512114,false
1042365,113912.3,0.001,113.9123,1758597512272,true
1042366,113924.9,0.003,341.7747,1758597520751,false
1042367,113944.9,0.002,227.8898,1758597529943,true
1042368,113935.8,0.03,3418.074,1758597540184,true
1042369,113934.8,0.044,5013.1312,1758597540190,true
1042370,113933.4,0.001,113.9334,1758597540432,false
1042371,113945.0,0.001,113.945,1758597552935,false
1042372,113970.0,0.001,113.97,1758597561048,false
1042373,113975.3,0.044,5014.9132,1758597563103,true
1042374,113965.9,0.03,3418.977,1758597564902,true
1042375,113957.1,0.001,113.9571,1758597571411,true
1042376,113960.9,0.03,3418.827,1758597574404,false
1042377,113960.9,0.014,1595.4526,1758597574405,false
1042378,113980.7,0.03,3419.421,1758597575713,true
1042379,113980.8,0.001,113.9808,1758597579749,false
1042380,113986.0,0.001,113.986,1758597583816,false
1042381,113992.7,0.001,113.9927,1758597584010,false
1042382,114000.0,0.001,114.0,1758597588830,false
1042383,114000.0,0.001,114.0,1758597588887,false
1042384,114004.9,0.009,1026.0441,1758597589904,true
1042385,114004.9,0.015,1710.0735,1758597589907,true
1042386,114004.9,0.006,684.0294,1758597589909,true
1042387,113999.4,0.015,1709.991,1758597589919,true
1042388,113988.7,0.001,113.9887,1758597589925,true
1042389,113984.7,0.013,1481.8011,1758597589928,true
1042390,113977.3,0.001,113.9773,1758597590012,true
1042391,113977.3,0.01,1139.773,1758597590191,true
1042392,113977.3,0.01,1139.773,1758597590192,true
1042393,113977.3,0.009,1025.7957,1758597590192,true
1042394,113977.3,0.01,1139.773,1758597590192,true
1042395,113977.3,0.005,569.8865,1758597590193,true
1042396,113977.3,0.005,569.8865,1758597590193,true
1042397,113971.9,0.01,1139.719,1758597597281,false
1042398,113995.8,0.015,1709.937,1758597603211,true
1042399,113990.7,0.017,1937.8419,1758597603211,true
1042400,113990.6,0.044,5015.5864,1758597603211,true
1042401,113990.4,0.03,3419.712,1758597603211,true
1042402,113986.1,0.01,1139.861,1758597603211,true
1042403,113986.1,0.028,3191.6108,1758597603211,true
1042404,113986.0,0.16,18237.76,1758597603211,true
1042405,113993.4,0.012,1367.9208,1758597604992,true
1042406,113985.2,0.001,113.9852,1758597607056,true
1042407,114003.9,0.001,114.0039,1758597618633,false
1042408,114003.9,0.003,342.0117,1758597618633,false
1042409,114003.9,0.003,342.0117,1758597618633,false
1042410,114005.0,0.001,114.005,1758597632575,false
1042411,114040.0,0.001,114.04,1758597638758,false
1042412,114050.3,0.001,114.0503,1758597638758,false
1042413,114050.3,0.008,912.4024,1758597638758,false
1042414,114050.2,0.011,1254.5522,1758597638809,false
1042415,114050.2,0.021,2395.0542,1758597638809,false
1042416,114050.3,0.002,228.1006,1758597638809,false
1042417,114070.0,0.001,114.07,1758597648041,false
1042418,114100.0,0.001,114.1,1758597660410,false
1042419,114102.9,0.008,912.8232,1758597660410,false
1042420,114115.9,0.001,114.1159,1758597663022,true
1042421,114115.8,0.03,3423.474,1758597663032,true
1042422,114108.4,0.012,1369.3008,1758597663032,true
1042423,114108.3,0.02,2282.166,1758597663032,true
1042424,114106.3,0.004,456.4252,1758597663032,true
1042425,114103.2,0.018,2053.8576,1758597663032,true
1042426,114103.2,0.028,3194.8896,1758597663032,true
1042427,114103.1,0.175,19968.0425,1758597663032,true
1042428,114102.7,0.001,114.1027,1758597663032,true
1042429,114102.7,0.013,1483.3351,1758597663032,true
1042430,114102.2,0.01,1141.022,1758597663032,true
1042431,114093.2,0.013,1483.2116,1758597663032,true
1042432,114093.1,0.007,798.6517,1758597663032,true
1042433,114093.0,0.044,5020.092,1758597663032,true
1042434,114092.7,0.002,228.1854,1758597663032,true
1042435,114091.3,0.001,114.0913,1758597663032,true
1042436,114090.3,0.01,1140.903,1758597663032,true
1042437,114087.4,0.01,1140.874,1758597663032,true
1042438,114082.4,0.01,1140.824,1758597663032,true
1042439,114080.1,0.016,1825.2816,1758597663032,true
1042440,114079.9,0.001,114.0799,1758597663032,true
1042441,114074.9,0.011,1254.8239,1758597663032,true
1042442,114074.9,0.007,798.5243,1758597663032,true
1042443,114074.8,0.044,5019.2912,1758597663032,true
1042444,114074.1,0.015,1711.1115,1758597663032,true
1042445,114074.0,0.096,10951.104,1758597663032,true
1042446,114068.5,0.001,114.0685,1758597663032,true
1042447,114062.2,0.012,1368.7464,1758597663032,true
1042448,114058.5,0.001,114.0585,1758597663032,true
1042449,114057.1,0.001,114.0571,1758597663032,true
1042450,114056.3,0.009,1026.5067,1758597663032,true
1042451,114055.6,0.044,5018.4464,1758597663032,true
1042452,114050.5,0.012,1368.606,1758597663032,true
1042453,114045.7,0.001,114.0457,1758597663032,true
1042454,114034.3,0.001,114.0343,1758597663032,true
1042455,114030.9,0.012,1368.3708,1758597663032,true
1042456,114029.3,0.001,114.0293,1758597663032,true
1042457,114028.4,0.009,1026.2556,1758597663032,true
1042458,114028.3,0.044,5017.2452,1758597663032,true
1042459,114022.9,0.001,114.0229,1758597663032,true
1042460,114019.9,0.021,2394.4179,1758597663032,true
1042461,114019.9,0.103,11744.0497,1758597663032,true
1042462,114019.8,0.096,10945.9008,1758597663032,true
1042463,114018.2,0.033,3762.6006,1758597663032,true
1042464,114112.2,0.004,456.4488,1758597664009,true
1042465,114107.0,0.007,798.749,1758597665719,true
1042466,114107.0,0.023,2624.461,1758597665722,true
1042467,114091.3,0.001,114.0913,1758597665970,true
1042468,114085.4,0.03,3422.562,1758597666436,true
1042469,114079.9,0.001,114.0799,1758597666467,true
1042470,114081.2,0.001,114.0812,1758597666530,true
1042471,114086.9,0.01,1140.869,1758597667543,false
1042472,114091.3,0.015,1711.3695,1758597667546,false
1042473,114091.5,0.012,1369.098,1758597667546,false
1042474,114119.4,0.1,11411.94,1758597668751,true
1042475,114120.0,0.001,114.12,1758597672238,false
1042476,114145.0,0.001,114.145,1758597675751,false
1042477,114147.5,0.001,114.1475,1758597676178,false
1042478,114150.1,0.001,114.1501,1758597678766,false
1042479,114169.4,0.03,3425.082,1758597680001,true
1042480,114164.5,0.083,9475.6535,1758597680004,true
1042481,114163.7,0.002,228.3274,1758597680048,true
1042482,114164.6,0.03,3424.938,1758597688062,true
1042483,114153.5,0.03,3424.605,1758597689081,true
1042484,114143.4,0.002,228.2868,1758597690382,true
1042485,114143.4,0.011,1255.5774,1758597690383,true
1042486,114143.4,0.011,1255.5774,1758597690384,true
1042487,114143.4,0.006,684.8604,1758597690386,true
1042488,114116.4,0.03,3423.492,1758597697998,true
1042489,114128.8,0.003,342.3864,1758597703907,false
1042490,114129.8,0.03,3423.894,1758597721207,true
1042491,114175.0,0.001,114.175,1758597754773,false
1042492,114175.1,0.042,4795.3542,1758597755096,false
1042493,114180.0,0.001,114.18,1758597755769,false
1042494,114200.0,0.001,114.2,1758597757570,false
1042495,114189.0,0.173,19754.697,1758597762702,true
1042496,114184.4,0.008,913.4752,1758597766598,true
1042497,114184.4,0.022,2512.0568,1758597766598,true
1042498,114182.7,0.03,3425.481,1758597768096,true
1042499,114182.7,0.03,3425.481,1758597768242,true
1042500,114172.4,0.002,228.3448,1758597768930,true
1042501,114172.4,0.004,456.6896,1758597768931,true
1042502,114172.4,0.009,1027.5516,1758597768932,true
1042503,114172.4,0.005,570.862,1758597768932,true
1042504,114172.4,0.01,1141.724,1758597768934,true
1042505,114161.7,0.03,3424.851,1758597770970,true
1042506,114149.6,0.03,3424.488,1758597771802,true
1042507,114131.1,0.03,3423.933,1758597780987,true
1042508,114131.1,0.001,114.1311,1758597780987,true
1042509,114126.5,0.03,3423.795,1758597781629,true
1042511,114104.0,0.03,3423.12,1758597791047,true
1042512,114126.7,0.003,342.3801,1758597810740,false
1042513,114126.7,0.003,342.3801,1758597810741,false
1042514,114126.7,0.001,114.1267,1758597810741,false
1042515,114126.7,0.012,1369.5204,1758597810741,false
1042516,114126.7,0.025,2853.1675,1758597810741,false
1042517,114126.6,0.03,3423.798,1758597830158,true
1042518,114128.2,0.002,228.2564,1758597840356,false
1042519,114126.5,0.03,3423.795,1758597841736,true
1042520,114133.5,0.03,3424.005,1758597850673,true
1042521,114129.8,0.03,3423.894,1758597857737,true
1042522,114104.2,0.03,3423.126,1758597878734,true
1042523,114135.2,0.001,114.1352,1758597923263,false
1042524,114141.2,0.001,114.1412,1758597923263,false
1042525,114205.0,0.03,3426.15,1758597941116,true
1042526,114215.0,0.001,114.215,1758597943329,false
1042527,114245.0,0.001,114.245,1758597949420,false
1042528,114250.2,0.001,114.2502,1758597949489,false
1042529,114275.0,0.001,114.275,1758597970460,false
1042530,114275.7,0.001,114.2757,1758597970460,false
1042531,114294.0,0.001,114.294,1758597971239,false
1042532,114294.0,0.003,342.882,1758597971239,false
1042533,114294.0,0.001,114.294,1758597971242,false
1042534,114300.0,0.001,114.3,1758597971338,false
1042535,114305.0,0.001,114.305,1758597977999,false
1042536,114313.6,0.005,571.568,1758597986524,false
1042537,114313.7,0.001,114.3137,1758597986524,false
1042538,114316.6,0.022,2514.9652,1758597986524,false
1042539,114319.5,0.011,1257.5145,1758597986524,false
1042540,114322.5,0.011,1257.5475,1758597986524,false
1042541,114322.5,0.033,3772.6425,1758597986524,false
1042542,114322.6,0.174,19892.1324,1758597986524,false
1042543,114324.1,0.017,1943.5097,1758597986524,false
1042544,114324.2,0.001,114.3242,1758597986524,false
1042545,114299.9,0.03,3428.997,1758597990017,true
1042546,114299.5,0.001,114.2995,1758597998463,false
1042547,114299.6,0.001,114.2996,1758597998463,false
1042548,114306.8,0.03,3429.204,1758597999897,true
1042549,114279.5,0.003,342.8385,1758598016329,true
1042550,114282.5,0.001,114.2825,1758598023020,true
1042551,114324.1,0.03,3429.723,1758598034297,true
1042552,114305.4,0.03,3429.162,1758598034895,true
1042553,114286.3,0.03,3428.589,1758598040791,true
1042554,114320.2,0.03,3429.606,1758598058021,true
1042555,114324.2,0.017,1943.5114,1758598060022,true
1042556,114324.3,0.001,114.3243,1758598060193,false
1042557,114334.8,0.008,914.6784,1758598079467,true
1042558,114334.8,0.001,114.3348,1758598083089,true
1042559,114334.9,0.001,114.3349,1758598085707,false
1042560,114321.9,0.03,3429.657,1758598091191,true
1042561,114327.7,0.03,3429.831,1758598121879,true
1042562,114300.7,0.018,2057.4126,1758598127066,true
1042563,114300.7,0.012,1371.6084,1758598127066,true
1042564,114284.9,0.03,3428.547,1758598160024,true
1042565,114284.5,0.001,114.2845,1758598160024,true
1042566,114274.9,0.008,914.1992,1758598163504,true
1042567,114274.9,0.004,457.0996,1758598163505,true
1042568,114274.9,0.012,1371.2988,1758598163505,true
1042569,114274.9,0.004,457.0996,1758598163509,true
1042570,114274.9,0.002,228.5498,1758598163510,true
1042571,114270.2,0.03,3428.106,1758598189599,true
1042572,114263.6,0.011,1256.8996,1758598193177,true
1042573,114263.6,0.019,2171.0084,1758598193180,true
1042574,114260.0,0.001,114.26,1758598203023,false
1042575,114303.5,0.02,2286.07,1758598229286,false
1042576,114303.6,0.005,571.518,1758598229286,false
1042577,114290.6,0.03,3428.718,1758598233242,true
1042578,114291.1,0.03,3428.733,1758598247744,true
1042579,114331.9,0.001,114.3319,1758598258368,false
1042580,114326.4,0.03,3429.792,1758598259692,true
1042581,114315.2,0.03,3429.456,1758598260447,true
1042582,114312.9,0.001,114.3129,1758598260473,false
1042583,114312.9,0.001,114.3129,1758598260543,false
1042584,114297.8,0.019,2171.6582,1758598262595,true
1042585,114297.8,0.011,1257.2758,1758598262595,true
1042586,114302.1,0.03,3429.063,1758598277696,true
1042587,114283.2,0.03,3428.496,1758598282526,true
1042588,114288.8,0.001,114.2888,1758598323020,true
1042589,114300.5,0.002,228.601,1758598332429,true
1042590,114290.5,0.01,1142.905,1758598343893,true
1042591,114314.7,0.023,2629.2381,1758598349233,true
1042592,114314.7,0.007,800.2029,1758598349242,true
1042593,114286.7,0.028,3200.0276,1758598353087,true
1042594,114286.7,0.002,228.5734,1758598353147,true
1042595,114280.1,0.001,114.2801,1758598353176,true
1042596,114301.2,0.03,3429.036,1758598381883,true
1042597,114301.2,0.001,114.3012,1758598381883,true
1042598,114292.4,0.03,3428.772,1758598382515,true
1042599,114334.8,0.022,2515.3656,1758598412036,true
1042600,114334.0,0.03,3430.02,1758598412036,true
1042601,114328.4,0.011,1257.6124,1758598412036,true
1042602,114325.4,0.012,1371.9048,1758598412036,true
1042603,114325.2,0.013,1486.2276,1758598412036,true
1042604,114325.1,0.044,5030.3044,1758598412036,true
1042605,114325.0,0.001,114.325,1758598412036,true
1042606,114300.9,0.002,228.6018,1758598417583,true
1042607,114300.9,0.004,457.2036,1758598417588,true
1042608,114300.9,0.002,228.6018,1758598417588,true
1042609,114300.9,0.006,685.8054,1758598417589,true
1042610,114300.9,0.005,571.5045,1758598417591,true
1042611,114300.9,0.005,571.5045,1758598417593,true
1042612,114286.3,0.006,685.7178,1758598419336,true
1042613,114286.3,0.002,228.5726,1758598419339,true
1042614,114286.3,0.017,1942.8671,1758598419344,true
1042615,114286.3,0.003,342.8589,1758598419349,true
1042616,114286.3,0.002,228.5726,1758598419353,true
1042617,114260.3,0.001,114.2603,1758598430118,true
1042618,114255.3,0.001,114.2553,1758598433961,false
1042619,114255.3,0.001,114.2553,1758598433961,false
1042620,114255.3,0.006,685.5318,1758598433992,false
1042621,114255.3,0.002,228.5106,1758598433994,false
1042622,114255.3,0.002,228.5106,1758598433996,false
1042623,114255.3,0.164,18737.8692,1758598434021,false
1042624,114263.7,0.011,1256.9007,1758598434033,false
1042625,114268.1,0.009,1028.4129,1758598434033,false
1042626,114268.1,0.008,914.1448,1758598434041,false
1042627,114268.3,0.003,342.8049,1758598434062,false
1042628,114268.3,0.015,1714.0245,1758598434098,false
1042629,114268.5,0.004,457.074,1758598434098,false
1042630,114273.9,0.003,342.8217,1758598434100,false
1042631,114280.0,0.011,1257.08,1758598434557,false
1042632,114289.1,0.011,1257.1801,1758598434906,false
1042633,114289.1,0.005,571.4455,1758598434907,false
1042634,114293.9,0.006,685.7634,1758598434907,false
1042635,114314.6,0.001,114.3146,1758598437421,false
1042636,114314.6,0.001,114.3146,1758598437465,true
1042637,114330.0,0.001,114.33,1758598472926,false
1042638,114342.9,0.03,3430.287,1758598477797,true
1042640,114338.4,0.03,3430.152,1758598480431,true
1042641,114313.3,0.03,3429.399,1758598483451,true
1042642,114311.1,0.003,342.9333,1758598483468,true
1042643,114281.2,0.03,3428.436,1758598492820,true
1042644,114270.8,0.03,3428.124,1758598501686,true
1042645,114270.8,0.001,114.2708,1758598501686,true
1042646,114267.7,0.001,114.2677,1758598503017,false
1042647,114293.5,0.03,3428.805,1758598532009,true
1042648,114279.9,0.005,571.3995,1758598548690,false
1042649,114273.5,0.03,3428.205,1758598557616,true
1042650,114303.5,0.005,571.5175,1758598603118,true
1042651,114293.1,0.03,3428.793,1758598608301,true
1042652,114289.0,0.001,114.289,1758598623021,true
1042653,114296.0,0.013,1485.848,1758598634812,false
1042654,114296.3,0.02,2285.926,1758598634812,false
1042655,114296.7,0.001,114.2967,1758598634812,false
1042656,114297.1,0.029,3314.6159,1758598634812,false
1042657,114297.3,0.021,2400.2433,1758598634812,false
1042658,114298.4,0.016,1828.7744,1758598634812,false
1042659,114290.1,0.03,3428.703,1758598674978,true
1042660,114286.4,0.03,3428.592,1758598675445,true
1042661,114265.2,0.03,3427.956,1758598681274,true
1042662,114265.2,0.001,114.2652,1758598681274,true
1042663,114264.9,0.002,228.5298,1758598682120,true
1042664,114264.7,0.001,114.2647,1758598682122,true
1042665,114254.7,0.001,114.2547,1758598683022,false
1042666,114258.4,0.021,2399.4264,1758598685051,false
1042667,114258.5,0.001,114.2585,1758598685051,false
1042668,114262.6,0.028,3199.3528,1758598685051,false
1042669,114262.7,0.028,3199.3556,1758598685051,false
1042670,114278.9,0.03,3428.367,1758598728375,true
1042671,114254.7,0.03,3427.641,1758598733650,true
1042672,114249.7,0.015,1713.7455,1758598734806,true
1042673,114249.7,0.028,3198.9916,1758598734881,true
1042674,114249.7,0.002,228.4994,1758598734905,true
1042675,114223.9,0.03,3426.717,1758598751511,true
1042677,114192.5,0.03,3425.775,1758598792479,true
1042678,114161.0,0.03,3424.83,1758598798862,true
1042679,114151.4,0.002,228.3028,1758598805103,true
1042680,114151.3,0.003,342.4539,1758598806503,true
1042681,114140.9,0.001,114.1409,1758598821735,false
1042682,114177.3,0.002,228.3546,1758598842896,false
1042683,114177.4,0.021,2397.7254,1758598842896,false
1042684,114177.6,0.044,5023.8144,1758598842896,false
1042685,114177.7,0.033,3767.8641,1758598842896,false
1042686,114188.4,0.007,799.3188,1758598860148,true
1042687,114211.7,0.03,3426.351,1758598879497,true
1042688,114188.5,0.002,228.377,1758598894083,true
1042689,114188.5,0.002,228.377,1758598894108,true
1042690,114188.5,0.004,456.754,1758598894110,true
1042691,114188.5,0.016,1827.016,1758598894118,true
1042692,114188.5,0.006,685.131,1758598894118,true
1042693,114188.1,0.001,114.1881,1758598894120,true
1042694,114184.9,0.001,114.1849,1758598906497,false
1042695,114188.3,0.008,913.5064,1758598945064,false
1042696,114188.2,0.03,3425.646,1758598950771,true
1042697,114235.7,0.001,114.2357,1758598993741,false
1042698,114254.3,0.03,3427.629,1758598998966,true
1042699,114222.5,0.007,799.5575,1758599024689,true
1042700,114222.5,0.023,2627.1175,1758599024690,true
1042701,114203.8,0.03,3426.114,1758599025926,true
1042702,114225.7,0.002,228.4514,1758599033578,false
1042703,114225.7,0.002,228.4514,1758599033579,false
1042704,114222.8,0.03,3426.684,1758599038134,true
1042705,114205.3,0.001,114.2053,1758599042818,true
1042706,114205.3,0.001,114.2053,1758599042818,true
1042707,114201.9,0.03,3426.057,1758599050254,true
1042708,114179.0,0.023,2626.117,1758599055431,true
1042709,114179.0,0.007,799.253,1758599055443,true
1042710,114174.2,0.001,114.1742,1758599088355,true
1042711,114176.9,0.004,456.7076,1758599089013,false
1042712,114141.7,0.002,228.2834,1758599094373,true
1042713,114187.6,0.006,685.1256,1758599121209,true
1042714,114187.6,0.003,342.5628,1758599121210,true
1042715,114187.6,0.021,2397.9396,1758599121211,true
1042716,114166.0,0.002,228.332,1758599125467,true
1042717,114166.0,0.002,228.332,1758599125469,true
1042718,114166.0,0.002,228.332,1758599125475,true
1042719,114166.0,0.002,228.332,1758599125478,true
1042720,114145.0,0.03,3424.35,1758599135017,true
1042721,114130.2,0.001,114.1302,1758599140881,false
1042722,114135.9,0.022,2510.9898,1758599140881,false
1042723,114137.0,0.028,3195.836,1758599140881,false
1042724,114164.3,0.001,114.1643,1758599141903,true
1042725,114175.6,0.001,114.1756,1758599143553,false
1042726,114179.3,0.008,913.4344,1758599143553,false
1042727,114201.7,0.001,114.2017,1758599161168,true
1042728,114201.8,0.004,456.8072,1758599170521,true
1042730,114345.0,0.001,114.345,1758599280454,false
1042731,114337.2,0.001,114.3372,1758599283023,true
1042732,114351.4,0.001,114.3514,1758599296340,false
1042733,114368.5,0.007,800.5795,1758599331337,false
1042734,114368.6,0.02,2287.372,1758599331337,false
1042735,114368.9,0.024,2744.8536,1758599331337,false
1042736,114369.1,0.044,5032.2404,1758599331337,false
1042737,114369.3,0.096,10979.4528,1758599331337,false
1042738,114370.5,0.001,114.3705,1758599331337,false
1042739,114372.3,0.001,114.3723,1758599331337,false
1042740,114375.8,0.007,800.6306,1758599331337,false
1042741,114359.7,0.03,3430.791,1758599412423,true
1042742,114380.0,0.001,114.38,1758599469948,false
1042743,114387.8,0.402,45983.8956,1758599471269,true
1042744,114387.8,0.101,11553.1678,1758599471277,true
1042745,114387.8,0.144,16471.8432,1758599471278,true
1042746,114387.8,0.008,915.1024,1758599471278,true
