id,price,qty,base_qty,time,is_buyer_maker
2178758,114639.7,5.0,0.00436149,1758585603593,false
2178759,114639.7,1.0,8.72298165,1758585603593,false
2178760,114639.7,3.0,0.00261689,1758585604115,false
2178761,114639.7,12.0,0.01046757,1758585604153,false
2178762,114639.7,1.0,8.72298165,1758585604742,false
2178763,114639.7,2.0,0.00174459,1758585604774,false
2178764,114639.6,1.0,8.72298926,1758585605626,true
2178765,114639.6,3.0,0.00261689,1758585605626,true
2178766,114639.6,1.0,8.72298926,1758585605626,true
2178767,114616.6,59.0,0.05147596,1758585607527,true
2178768,114616.6,21.0,0.01832195,1758585607527,true
2178769,114616.6,1.0,8.72473969,1758585607527,true
2178770,114616.6,3.0,0.00261742,1758585607527,true
2178771,114616.6,24.0,0.02093937,1758585607527,true
2178772,114612.8,4.0,0.00349001,1758585607527,true
2178773,114610.7,32.0,0.02792060,1758585607527,true
2178774,114610.6,106.0,0.09248708,1758585607527,true
2178775,114583.4,4.0,0.00349090,1758585609597,false
2178776,114583.4,60.0,0.05236360,1758585609597,false
2178777,114597.7,4.0,0.00349047,1758585618243,true
2178778,114583.3,8.0,0.00698182,1758585620313,true
2178779,114583.3,1.0,8.72727526,1758585620313,true
2178780,114558.5,1.0,8.72916457,1758585636219,true
2178781,114552.1,1.0,8.72965227,1758585636392,true
2178782,114541.1,15.0,0.01309573,1758585638151,false
2178783,114541.1,1.0,8.73049062,1758585638151,false
2178784,114559.2,1.0,8.72911123,1758585638265,false
2178785,114570.6,20.0,0.01745648,1758585648965,true
2178786,114570.6,2.0,0.00174564,1758585648965,true
2178787,114570.6,1.0,8.72824267,1758585648965,true
2178788,114541.2,23.0,0.02008011,1758585660142,false
2178789,114541.2,48.0,0.04190631,1758585660142,false
2178790,114564.3,2.0,0.00174574,1758585667316,false
2178791,114564.3,1.0,8.72872264,1758585667319,false
2178792,114570.7,1.0,8.72823505,1758585667319,false
2178793,114593.6,1.0,8.72649083,1758585695397,true
2178794,114593.6,13.0,0.01134443,1758585696583,true
2178795,114593.6,5.0,0.00436324,1758585696583,true
2178796,114593.6,19.0,0.01658033,1758585696585,true
2178797,114593.6,1.0,8.72649083,1758585696587,true
2178798,114576.7,14.0,0.01221888,1758585707786,false
2178799,114593.7,62.0,0.05410419,1758585724348,false
2178800,114593.7,1.0,8.72648321,1758585724348,false
2178801,114605.2,24.0,0.02094145,1758585724348,false
2178802,114605.2,1.0,8.72560756,1758585724348,false
2178803,114614.7,60.0,0.05234930,1758585724348,false
2178804,114614.8,32.0,0.02791960,1758585724348,false
2178805,114697.1,10.0,0.00871861,1758585781872,true
2178806,114697.1,2.0,0.00174372,1758585781873,true
2178807,114697.1,3.0,0.00261558,1758585781873,true
2178808,114693.4,11.0,0.00959078,1758585800040,true
2178809,114645.4,1.0,8.72254796,1758585801564,true
2178810,114605.2,3.0,0.00261768,1758585850576,false
2178811,114605.2,41.0,0.03577499,1758585850576,false
2178812,114603.6,3.0,0.00261771,1758585868509,false
2178813,114552.0,1.0,8.72965989,1758585931619,false
2178814,114552.0,2.0,0.00174593,1758585931623,false
2178815,114552.0,1.0,8.72965989,1758585931623,false
2178816,114556.3,3.0,0.00261879,1758585978070,false
2178817,114556.3,1.0,8.72933221,1758585978070,false
2178818,114588.4,6.0,0.00523613,1758586022995,false
2178819,114588.4,1.0,8.72688684,1758586023018,false
2178820,114615.9,1.0,8.72479298,1758586028767,true
2178821,114615.9,1.0,8.72479298,1758586029686,true
2178822,114615.9,4.0,0.00348991,1758586029689,true
2178823,114615.9,1.0,8.72479298,1758586029689,true
2178824,114615.9,1.0,8.72479298,1758586029689,true
2178825,114596.1,3.0,0.00261789,1758586063927,true
2178826,114596.1,3.0,0.00261789,1758586063927,true
2178827,114596.1,1.0,8.72630045,1758586063927,true
2178828,114547.8,5.0,0.00436498,1758586074866,false
2178829,114547.8,12.0,0.01047597,1758586074866,false
2178830,114541.0,186.0,0.16238726,1758586099062,true
2178831,114541.0,22.0,0.01920709,1758586099062,true
2178832,114540.3,57.0,0.04976414,1758586099062,true
2178833,114524.9,2.0,0.00174634,1758586100365,true
2178834,114524.9,2.0,0.00174634,1758586100367,true
2178835,114514.2,4.0,0.00349301,1758586123738,false
2178836,114514.2,1.0,8.73254146,1758586123738,false
2178837,114525.6,4.0,0.00349266,1758586138382,true
2178838,114514.2,4.0,0.00349301,1758586163620,false
2178839,114514.2,48.0,0.04191619,1758586163620,false
2178840,114514.2,1.0,8.73254146,1758586163620,false
2178841,114514.1,18.0,0.01571858,1758586214001,true
2178842,114514.1,61.0,0.05326854,1758586214001,true
2178843,114513.0,17.0,0.01484547,1758586214001,true
2178844,114512.0,19.0,0.01659214,1758586214001,true
2178845,114500.1,27.0,0.02358076,1758586221609,false
2178846,114500.1,21.0,0.01834059,1758586221614,false
2178847,114500.1,4.0,0.00349344,1758586221614,false
2178848,114500.1,1.0,8.73361682,1758586221614,false
2178849,114524.6,1.0,8.73174846,1758586228516,true
2178850,114524.6,2.0,0.00174634,1758586229289,true
2178851,114524.6,1.0,8.73174846,1758586229289,true
2178852,114500.1,5.0,0.00436680,1758586236772,false
2178853,114513.1,6.0,0.00523957,1758586281653,true
2178854,114513.1,66.0,0.05763532,1758586281653,true
2178855,114500.1,7.0,0.00611353,1758586309812,false
2178856,114524.7,1.0,8.73174083,1758586328484,false
2178857,114524.7,24.0,0.02095617,1758586328484,false
2178858,114524.7,92.0,0.08033201,1758586328484,false
2178859,114524.7,61.0,0.05326361,1758586328484,false
2178860,114524.7,60.0,0.05239044,1758586328484,false
2178861,114524.7,22.0,0.01920982,1758586331860,false
2178862,114524.7,24.0,0.02095617,1758586331860,false
2178863,114524.7,36.0,0.03143426,1758586331860,false
2178864,114524.6,8.0,0.00698539,1758586332745,true
2178865,114524.6,16.0,0.01397079,1758586332745,true
2178866,114524.6,43.0,0.03754651,1758586335864,true
2178867,114524.6,7.0,0.00611222,1758586335865,true
2178868,114501.7,7.0,0.00611344,1758586377178,false
2178869,114524.7,10.0,0.00873174,1758586377342,false
2178870,114535.4,10.0,0.00873092,1758586379257,true
2178871,114535.4,1.0,8.73092511,1758586379257,true
2178872,114513.1,10.0,0.00873262,1758586393187,false
2178873,114513.3,62.0,0.05414218,1758586393187,false
2178874,114513.1,9.0,0.00785936,1758586393351,false
2178875,114513.1,54.0,0.04715617,1758586393351,false
2178876,114582.1,7.0,0.00610915,1758586439621,true
2178877,114559.1,5.0,0.00436455,1758586487957,true
2178878,114559.1,2.0,0.00174582,1758586495484,true
2178879,114552.9,7.0,0.00611071,1758586514475,false
2178880,114569.4,5.0,0.00436416,1758586521542,true
2178881,114569.4,3.0,0.00261850,1758586521542,true
2178882,114569.4,6.0,0.00523700,1758586521545,true
2178883,114569.4,4.0,0.00349133,1758586521546,true
2178884,114569.4,1.0,8.72833409,1758586521548,true
2178885,114549.5,5.0,0.00436492,1758586533945,false
2178886,114569.5,1.0,8.72832647,1758586544611,false
2178887,114587.5,1.0,8.72695538,1758586548125,false
2178888,114587.5,4.0,0.00349078,1758586563443,false
2178889,114588.4,57.0,0.04974325,1758586563443,false
2178890,114628.1,1.0,8.72386439,1758586587086,true
2178891,114628.1,4.0,0.00348954,1758586597246,true
2178892,114628.1,15.0,0.01308579,1758586597246,true
2178893,114606.7,5.0,0.00436274,1758586612679,true
2178894,114577.5,4.0,0.00349108,1758586626085,true
2178895,114577.5,1.0,8.72771704,1758586626096,true
2178896,114550.8,5.0,0.00436487,1758586635908,false
2178897,114580.8,4.0,0.00349098,1758586653447,false
2178898,114580.8,1.0,8.72746568,1758586656187,false
2178899,114586.5,1.0,8.72703154,1758586656189,false
2178900,114616.6,5.0,0.00436236,1758586673048,true
2178901,114616.6,10.0,0.00872473,1758586673048,true
2178902,114616.6,9.0,0.00785226,1758586673048,true
2178903,114616.6,6.0,0.00523484,1758586673048,true
2178904,114616.6,23.0,0.02006690,1758586673048,true
2178905,114616.6,15.0,0.01308710,1758586673055,true
2178906,114616.6,1.0,8.72473969,1758586673055,true
2178907,114602.2,4.0,0.00349033,1758586678809,true
2178908,114602.2,1.0,8.72583597,1758586678809,true
2178909,114582.2,3.0,0.00261820,1758586685888,false
2178910,114582.2,1.0,8.72735904,1758586693022,false
2178911,114587.9,3.0,0.00261807,1758586694679,false
2178912,114612.3,2.0,0.00174501,1758586701737,true
2178913,114612.3,1.0,8.72506703,1758586701741,true
2178914,114583.4,3.0,0.00261818,1758586734447,false
2178915,114601.0,58.0,0.05061037,1758586753408,false
2178916,114628.1,3.0,0.00261715,1758586786887,true
2178917,114628.2,3.0,0.00261715,1758586808368,false
2178918,114662.6,1.0,8.72123953,1758586859341,true
2178919,114662.6,2.0,0.00174424,1758586859346,true
2178920,114639.7,2.0,0.00174459,1758586871165,false
2178921,114639.7,1.0,8.72298165,1758586871172,false
2178922,114662.6,3.0,0.00261637,1758586901359,true
2178923,114661.3,2.0,0.00174426,1758586911487,false
2178924,114661.3,1.0,8.72133841,1758586923733,false
2178925,114661.3,43.0,0.03750175,1758586923733,false
2178926,114661.3,14.0,0.01220987,1758586923831,false
2178927,114661.3,69.0,0.06017723,1758586923831,false
2178928,114661.3,22.0,0.01918694,1758586924159,false
2178929,114661.3,1.0,8.72133841,1758586924451,false
2178930,114661.3,12.0,0.01046560,1758586924451,false
2178931,114661.3,13.0,0.01133773,1758586924971,false
2178932,114697.1,5.0,0.00435930,1758586986636,true
2178933,114674.4,4.0,0.00348813,1758587005838,false
2178934,114674.4,1.0,8.72034211,1758587005839,false
2178935,114731.6,5.0,0.00435799,1758587144135,true
2178936,114731.6,54.0,0.04706637,1758587144135,true
2178937,114731.6,3.0,0.00261479,1758587144248,true
2178938,114716.0,3.0,0.00261515,1758587164156,false
2178939,114716.0,62.0,0.05404651,1758587164156,false
2178940,114731.7,3.0,0.00261479,1758587171906,false
2178941,114741.3,186.0,0.16210379,1758587176693,false
2178942,114741.3,34.0,0.02963187,1758587176693,false
2178943,114765.6,18.0,0.01568414,1758587183940,false
2178944,114765.6,74.0,0.06447925,1758587183940,false
2178945,114765.6,1.0,8.71341238,1758587183941,false
2178946,114765.6,25.0,0.02178353,1758587183941,false
2178947,114766.2,1.0,8.71336682,1758587183941,false
2178948,114767.2,2.0,0.00174265,1758587183942,false
2178949,114767.2,1.0,8.71329090,1758587185124,false
2178950,114777.6,3.0,0.00261375,1758587215503,true
2178951,114763.5,3.0,0.00261407,1758587230703,false
2178952,114763.5,1.0,8.71357182,1758587230703,false
2178953,114844.7,3.0,0.00261222,1758587266654,true
2178954,114844.7,1.0,8.70741096,1758587266654,true
2178955,114831.6,3.0,0.00261252,1758587279306,true
2178956,114769.5,2.0,0.00174262,1758587288179,false
2178957,114769.4,3.0,0.00261393,1758587309766,true
2178958,114749.2,1.0,8.71465770,1758587315154,false
2178959,114749.2,2.0,0.00174293,1758587315155,false
2178960,114766.2,3.0,0.00261401,1758587315272,false
2178961,114777.6,2.0,0.00174250,1758587332506,true
2178962,114777.6,1.0,8.71250139,1758587332510,true
2178963,114777.5,2.0,0.00174250,1758587332557,true
2178964,114777.5,2.0,0.00174250,1758587332560,true
2178965,114777.5,2.0,0.00174250,1758587332564,true
2178966,114777.5,2.0,0.00174250,1758587332569,true
2178967,114777.5,2.0,0.00174250,1758587332569,true
2178968,114777.5,2.0,0.00174250,1758587332572,true
2178969,114777.5,2.0,0.00174250,1758587332577,true
2178970,114777.5,2.0,0.00174250,1758587332581,true
2178971,114777.5,2.0,0.00174250,1758587332634,true
2178972,114777.5,2.0,0.00174250,1758587332650,true
2178973,114777.5,2.0,0.00174250,1758587332675,true
2178974,114777.3,8.0,0.00697001,1758587332840,true
2178975,114777.3,6.0,0.00522751,1758587332840,true
2178976,114777.3,8.0,0.00697001,1758587332841,true
2178977,114777.3,1.0,8.71252416,1758587332841,true
2178978,114776.1,1.0,8.71261525,1758587332844,true
2178979,114776.1,24.0,0.02091027,1758587333208,true
2178980,114776.1,7.0,0.00609883,1758587333208,true
2178981,114776.1,17.0,0.01481144,1758587333209,true
2178982,114752.0,3.0,0.00261433,1758587401169,true
2178983,114729.1,3.0,0.00261485,1758587401520,false
2178984,114743.2,3.0,0.00261453,1758587405374,false
2178985,114743.2,1.0,8.71511340,1758587405374,false
2178986,114763.5,2.0,0.00174271,1758587460077,true
2178987,114763.5,1.0,8.71357182,1758587460082,true
2178988,114732.0,58.0,0.05055259,1758587466500,true
2178989,114715.5,66.0,0.05753363,1758587474795,true
2178990,114698.8,3.0,0.00261554,1758587488618,false
2178991,114698.8,7.0,0.00610294,1758587488619,false
2178992,114698.8,41.0,0.03574579,1758587525803,false
2178993,114698.8,3.0,0.00261554,1758587525803,false
2178994,114698.8,35.0,0.03051470,1758587525803,false
2178995,114698.8,24.0,0.02092436,1758587525803,false
2178996,114698.8,1.0,8.71848702,1758587525803,false
2178997,114699.8,17.0,0.01482129,1758587525803,false
2178998,114699.9,58.0,0.05056673,1758587525803,false
2178999,114704.1,2.0,0.00174361,1758587525803,false
2179000,114708.2,26.0,0.02266620,1758587525803,false
2179001,114708.1,12.0,0.01046133,1758587527558,true
2179002,114708.1,38.0,0.03312756,1758587527562,true
2179003,114708.1,11.0,0.00958955,1758587527565,true
2179004,114708.1,3.0,0.00261533,1758587527565,true
2179005,114692.4,2.0,0.00174379,1758587546502,true
2179006,114692.4,1.0,8.71897353,1758587546513,true
2179007,114674.3,4.0,0.00348813,1758587686033,true
2179008,114674.2,14.0,0.01220850,1758587686034,true
2179009,114674.2,124.0,0.10813243,1758587686039,true
2179010,114674.2,127.0,0.11074853,1758587686057,true
2179011,114639.7,5.0,0.00436149,1758587687895,false
2179012,114639.7,31.0,0.02704124,1758587687895,false
2179013,114651.2,5.0,0.00436105,1758587695331,false
2179014,114662.6,3.0,0.00261637,1758587704016,true
2179015,114662.7,17.0,0.01482609,1758587713569,false
2179016,114662.7,3.0,0.00261636,1758587713849,false
2179017,114662.7,39.0,0.03401280,1758587713914,false
2179018,114662.7,1.0,8.72123192,1758587714852,false
2179019,114685.6,5.0,0.00435974,1758587761502,true
2179020,114685.6,58.0,0.05057304,1758587761502,true
2179021,114663.8,4.0,0.00348845,1758587765417,true
2179022,114632.5,2.0,0.00174470,1758587788067,false
2179023,114632.5,2.0,0.00174470,1758587788067,false
2179024,114632.5,7.0,0.00610647,1758587788069,false
2179025,114632.5,11.0,0.00959588,1758587788070,false
2179026,114632.5,5.0,0.00436176,1758587788072,false
2179027,114632.5,7.0,0.00610647,1758587788074,false
2179028,114632.5,6.0,0.00523411,1758587788075,false
2179029,114632.5,1.0,8.72352954,1758587788076,false
2179030,114632.5,7.0,0.00610647,1758587788076,false
2179031,114632.5,2.0,0.00174470,1758587788202,false
2179032,114632.5,2.0,0.00174470,1758587788203,false
2179033,114632.5,3.0,0.00261705,1758587788207,false
2179034,114662.7,5.0,0.00436061,1758587932449,false
2179035,114662.7,2.0,0.00174424,1758587932450,false
2179036,114662.7,2.0,0.00174424,1758587932453,false
2179037,114662.7,2.0,0.00174424,1758587932455,false
2179038,114662.7,1.0,8.72123192,1758587932500,false
2179039,114674.1,6.0,0.00523221,1758587973432,true
2179040,114642.5,1.0,8.72276860,1758588019090,true
2179041,114642.5,2.0,0.00174455,1758588020101,true
2179042,114642.5,2.0,0.00174455,1758588020101,true
2179043,114642.5,1.0,8.72276860,1758588020104,true
2179044,114642.5,2.0,0.00174455,1758588020104,true
2179045,114642.5,1.0,8.72276860,1758588020104,true
2179046,114578.5,3.0,0.00261829,1758588043838,false
2179047,114578.5,3.0,0.00261829,1758588043838,false
2179048,114578.5,4.0,0.00349105,1758588043838,false
2179049,114578.5,41.0,0.03578332,1758588043838,false
2179050,114593.7,2.0,0.00174529,1758588048125,false
2179051,114593.7,1.0,8.72648321,1758588048179,false
2179052,114616.7,3.0,0.00261741,1758588060414,false
2179053,114661.0,3.0,0.00261640,1758588083487,true
2179054,114632.7,1.0,8.72351432,1758588092052,true
2179055,114632.7,1.0,8.72351432,1758588092056,true
2179056,114632.7,1.0,8.72351432,1758588092060,true
2179057,114632.7,1.0,8.72351432,1758588092060,true
2179058,114632.7,1.0,8.72351432,1758588092064,true
2179059,114632.7,1.0,8.72351432,1758588092067,true
2179060,114632.7,1.0,8.72351432,1758588092069,true
2179061,114632.7,1.0,8.72351432,1758588092069,true
2179062,114632.7,1.0,8.72351432,1758588092069,true
2179063,114632.7,1.0,8.72351432,1758588092072,true
2179064,114632.7,1.0,8.72351432,1758588092073,true
2179065,114632.7,1.0,8.72351432,1758588092073,true
2179066,114632.7,1.0,8.72351432,1758588092076,true
2179067,114632.7,1.0,8.72351432,1758588092076,true
2179068,114619.2,3.0,0.00261736,1758588108078,false
2179069,114620.1,16.0,0.01395915,1758588108078,false
2179070,114639.6,3.0,0.00261689,1758588110911,true
2179071,114639.6,1.0,8.72298926,1758588110911,true
2179072,114596.1,3.0,0.00261789,1758588163681,false
2179073,114596.1,56.0,0.04886728,1758588163681,false
2179074,114596.1,24.0,0.02094312,1758588163681,false
2179075,114596.1,108.0,0.09424404,1758588163681,false
2179076,114616.6,3.0,0.00261742,1758588211665,true
2179077,114616.6,67.0,0.05845575,1758588211665,true
2179078,114616.6,81.0,0.07067039,1758588211665,true
2179079,114611.9,108.0,0.09423105,1758588211669,true
2179080,114608.1,200.0,0.17450773,1758588211669,true
2179081,114549.1,3.0,0.00261896,1758588257549,false
2179082,114549.1,11.0,0.00960286,1758588257549,false
2179083,114549.1,12.0,0.01047585,1758588283050,false
2179084,114549.1,4.0,0.00349195,1758588283050,false
2179085,114549.9,61.0,0.05325190,1758588283050,false
2179086,114593.6,1.0,8.72649083,1758588301416,true
2179087,114593.6,2.0,0.00174529,1758588301419,true
2179088,114570.6,2.0,0.00174564,1758588316770,true
2179089,114570.6,1.0,8.72824267,1758588317131,true
2179090,114563.4,3.0,0.00261863,1758588324323,true
2179091,114541.1,3.0,0.00261914,1758588328192,false
2179092,114554.8,3.0,0.00261883,1758588376620,true
2179093,114541.1,1.0,8.73049062,1758588429238,false
2179094,114541.1,2.0,0.00174609,1758588434177,false
2179095,114541.3,64.0,0.05587504,1758588434177,false
2179096,114563.8,4.0,0.00349150,1758588462492,false
2179097,114563.8,57.0,0.04975393,1758588462492,false
2179098,114563.8,16.0,0.01396601,1758588462492,false
2179099,114563.8,3.0,0.00261862,1758588467338,false
2179100,114563.8,7.0,0.00611013,1758588467338,false
2179101,114563.8,104.0,0.09077911,1758588467338,false
2179102,114582.1,1.0,8.72736666,1758588467344,false
2179103,114593.6,3.0,0.00261794,1758588477153,true
2179104,114590.7,50.0,0.04363355,1758588480600,false
2179105,114602.4,3.0,0.00261774,1758588486253,true
2179106,114579.5,1.0,8.72756470,1758588510670,true
2179107,114579.5,2.0,0.00174551,1758588510929,true
2179108,114563.5,4.0,0.00349151,1758588547078,true
2179109,114541.1,4.0,0.00349219,1758588574198,false
2179110,114541.1,1.0,8.73049062,1758588574198,false
2179111,114541.1,61.0,0.05325599,1758588603007,true
2179112,114541.1,10.0,0.00873049,1758588603008,true
2179113,114541.0,186.0,0.16238726,1758588603008,true
2179114,114541.0,22.0,0.01920709,1758588603008,true
2179115,114500.0,7.0,0.00611353,1758588663034,true
2179116,114500.0,65.0,0.05676855,1758588663034,true
2179117,114487.9,59.0,0.05153383,1758588675035,true
2179118,114478.1,5.0,0.00436764,1758588675454,true
2179119,114478.1,14.0,0.01222941,1758588675454,true
2179120,114478.1,11.0,0.00960882,1758588675467,true
2179121,114437.3,2.0,0.00174768,1758588726132,false
2179122,114437.3,1.0,8.73840959,1758588726160,false
2179123,114455.6,3.0,0.00262110,1758588734068,true
2179124,114437.4,4.0,0.00349536,1758588801621,true
2179125,114437.4,58.0,0.05068273,1758588801621,true
2179126,114437.4,5.0,0.00436920,1758588801621,true
2179127,114431.9,1.0,8.73882195,1758588804886,true
2179128,114431.9,58.0,0.05068516,1758588804886,true
2179129,114419.1,50.0,0.04369899,1758588848217,true
2179130,114419.1,54.0,0.04719491,1758588848217,true
2179131,114400.0,16.0,0.01398601,1758588853494,true
2179132,114400.0,40.0,0.03496503,1758588853494,true
2179133,114387.4,6.0,0.00524533,1758588904374,false
2179134,114387.4,21.0,0.01835866,1758588904538,false
2179135,114387.4,6.0,0.00524533,1758588904639,false
2179136,114387.4,11.0,0.00961644,1758588904919,false
2179137,114387.4,13.0,0.01136488,1758588904945,false
2179138,114387.4,4.0,0.00349688,1758588904945,false
2179139,114387.4,23.0,0.02010710,1758588904945,false
2179140,114387.3,8.0,0.00699378,1758588947534,true
2179141,114386.9,5.0,0.00437112,1758588947534,true
2179142,114382.1,69.0,0.06032412,1758588969202,false
2179143,114382.1,69.0,0.06032412,1758588969202,false
2179144,114382.1,25.0,0.02185656,1758588969202,false
2179145,114382.1,92.0,0.08043216,1758588969202,false
2179146,114382.1,200.0,0.17485253,1758588969202,false
2179147,114382.1,66.0,0.05770133,1758588969202,false
2179148,114382.1,2.0,0.00174852,1758588969202,false
2179149,114382.1,8.0,0.00699410,1758588969202,false
2179150,114382.1,1.0,8.74262668,1758588969202,false
2179151,114382.1,22.0,0.01923377,1758588969202,false
2179152,114387.2,64.0,0.05595031,1758588969202,false
2179153,114387.3,104.0,0.09091918,1758588969203,false
2179154,114387.4,108.0,0.09441599,1758588969203,false
2179155,114390.1,47.0,0.04108747,1758588975835,true
2179156,114390.1,44.0,0.03846486,1758588975835,true
2179157,114390.1,48.0,0.04196167,1758588975838,true
2179158,114390.1,8.0,0.00699361,1758588975838,true
2179159,114390.1,8.0,0.00699361,1758589045291,false
2179160,114390.1,2.0,0.00174840,1758589045291,false
2179161,114390.1,1.0,8.74201526,1758589045291,false
2179162,114390.1,2.0,0.00174840,1758589045291,false
2179163,114390.1,87.0,0.07605553,1758589045291,false
2179164,114390.1,19.0,0.01660982,1758589045292,false
2179165,114390.2,29.0,0.02535182,1758589045292,false
2179166,114398.2,1.0,8.74139628,1758589045312,false
2179167,114409.7,5.0,0.00437025,1758589094758,false
2179168,114409.7,66.0,0.05768741,1758589094758,false
2179169,114409.7,1.0,8.74051763,1758589094758,false
2179170,114418.7,200.0,0.17479660,1758589094758,false
2179171,114421.2,1.0,8.73963915,1758589094758,false
2179172,114421.5,22.0,0.01922715,1758589094758,false
2179173,114427.6,47.0,0.04107400,1758589094758,false
2179174,114430.5,7.0,0.00611725,1758589094758,false
2179175,114430.6,105.0,0.09175867,1758589094758,false
2179176,114430.7,25.0,0.02184728,1758589094758,false
2179177,114431.4,2.0,0.00174777,1758589094758,false
2179178,114432.7,1.0,8.73876086,1758589094758,false
2179179,114433.4,63.0,0.05505385,1758589094758,false
2179180,114433.5,108.0,0.09437795,1758589094758,false
2179181,114433.9,102.0,0.08913442,1758589094758,false
2179182,114440.0,263.0,0.22981475,1758589094763,true
2179183,114440.0,469.0,0.40982174,1758589113240,true
2179184,114440.0,10.0,0.00873820,1758589113240,true
2179185,114440.0,64.0,0.05592450,1758589113240,true
2179186,114420.1,10.0,0.00873972,1758589159690,true
2179187,114420.1,7.0,0.00611780,1758589159690,true
2179188,114397.4,5.0,0.00437072,1758589201209,false
2179189,114409.7,1.0,8.74051763,1758589207367,false
2179190,114409.7,4.0,0.00349620,1758589207367,false
2179191,114409.7,64.0,0.05593931,1758589207367,false
2179192,114409.7,1.0,8.74051763,1758589207367,false
2179193,114409.7,11.0,0.00961456,1758589207367,false
2179194,114409.7,24.0,0.02097724,1758589207367,false
2179195,114409.7,20.0,0.01748103,1758589207367,false
2179196,114409.7,4.0,0.00349620,1758589215880,false
2179197,114409.7,36.0,0.03146586,1758589215880,false
2179198,114425.5,54.0,0.04719227,1758589223531,false
2179199,114425.5,1.0,8.73931073,1758589223531,false
2179200,114429.7,4.0,0.00349559,1758589243178,true
2179201,114429.7,62.0,0.05418173,1758589243178,true
2179202,114412.9,4.0,0.00349610,1758589278501,false
2179203,114412.9,13.0,0.01136235,1758589278501,false
2179204,114412.9,200.0,0.17480546,1758589278501,false
2179205,114412.9,1.0,8.74027316,1758589278501,false
2179206,114413.3,19.0,0.01660646,1758589278501,false
2179207,114413.4,64.0,0.05593750,1758589278501,false
2179208,114418.6,38.0,0.03321138,1758589278501,false
2179209,114419.5,106.0,0.09264155,1758589278501,false
2179210,114419.6,21.0,0.01835349,1758589278501,false
2179211,114422.3,33.0,0.02884053,1758589278501,false
2179212,114425.6,2.0,0.00174786,1758589278501,false
2179213,114425.8,108.0,0.09438430,1758589278501,false
2179214,114427.7,11.0,0.00961305,1758589278501,false
2179215,114427.8,10.0,0.00873913,1758589278501,false
2179216,114429.8,25.0,0.02184745,1758589278501,false
2179217,114432.7,1.0,8.73876086,1758589278501,false
2179218,114441.3,25.0,0.02184526,1758589278501,false
2179219,114444.2,1.0,8.73788274,1758589278501,false
2179220,114450.9,13.0,0.01135858,1758589278501,false
2179221,114450.9,38.0,0.03320201,1758589278501,false
2179222,114451.0,102.0,0.08912110,1758589278501,false
2179223,114455.7,1.0,8.73700479,1758589278501,false
2179224,114455.7,25.0,0.02184251,1758589278501,false
2179225,114460.5,13.0,0.01135762,1758589278501,false
2179226,114460.6,270.0,0.23588903,1758589278501,false
2179227,114429.8,4.0,0.00349559,1758589296192,true
2179228,114403.9,61.0,0.05331986,1758589329545,false
2179229,114403.9,4.0,0.00349638,1758589329545,false
2179230,114403.9,13.0,0.01136324,1758589329545,false
2179231,114403.9,22.0,0.01923011,1758589329545,false
2179232,114403.8,4.0,0.00349638,1758589355350,true
2179233,114403.8,61.0,0.05331990,1758589355350,true
2179234,114388.1,5.0,0.00437108,1758589399592,true
2179235,114388.1,60.0,0.05245300,1758589399592,true
2179236,114382.0,1.0,8.74263433,1758589399620,true
2179237,114380.2,5.0,0.00437138,1758589413491,false
2179238,114396.1,6.0,0.00524493,1758589428926,true
2179239,114396.1,53.0,0.04633025,1758589428926,true
2179240,114380.3,5.0,0.00437138,1758589449960,false
2179241,114380.3,1.0,8.74276426,1758589449960,false
2179242,114394.1,5.0,0.00437085,1758589547649,false
2179243,114407.6,57.0,0.04982186,1758589556121,false
2179244,114407.6,1.0,8.74067806,1758589556121,false
2179245,114407.6,22.0,0.01922949,1758589556121,false
2179246,114409.7,1.0,8.74051763,1758589556121,false
2179247,114409.7,92.0,0.08041276,1758589556121,false
2179248,114409.8,108.0,0.09439750,1758589556121,false
2179249,114415.9,200.0,0.17480087,1758589556121,false
2179250,114417.4,10.0,0.00873992,1758589556121,false
2179251,114420.1,4.0,0.00349588,1758589556121,false
2179252,114421.2,1.0,8.73963915,1758589556121,false
2179253,114424.1,24.0,0.02097460,1758589556121,false
2179254,114428.3,2.0,0.00174781,1758589556121,false
2179255,114432.7,1.0,8.73876086,1758589556121,false
2179256,114441.2,11.0,0.00961192,1758589556121,false
2179257,114441.3,12.0,0.01048572,1758589556121,false
2179258,114441.4,24.0,0.02097143,1758589556121,false
2179259,114444.2,1.0,8.73788274,1758589556121,false
2179260,114445.6,9.0,0.00786399,1758589556122,false
2179261,114445.6,31.0,0.02708710,1758589556122,false
2179262,114445.7,102.0,0.08912523,1758589556122,false
2179263,114450.0,263.0,0.22979467,1758589556126,true
2179264,114450.0,1.0,8.73743993,1758589556900,true
2179265,114450.0,83.0,0.07252075,1758589558532,true
2179266,114450.0,1.0,8.73743993,1758589558535,true
2179267,114450.0,83.0,0.07252075,1758589563605,true
2179268,114450.0,2.0,0.00174748,1758589563605,true
2179269,114450.0,4.0,0.00349497,1758589563782,true
2179270,114450.0,53.0,0.04630843,1758589563782,true
2179271,114421.4,4.0,0.00349584,1758589566951,true
2179272,114421.4,55.0,0.04806793,1758589566951,true
2179273,114403.5,66.0,0.05769054,1758589577201,false
2179274,114403.5,1.0,8.74099131,1758589577201,false
2179275,114403.5,43.0,0.03758626,1758589577201,false
2179276,114403.5,3.0,0.00262229,1758589577201,false
2179277,114406.6,22.0,0.01922965,1758589577201,false
2179278,114418.4,3.0,0.00262195,1758589596541,true
2179279,114410.0,208.0,0.18180229,1758589614115,true
2179280,114410.0,3.0,0.00262214,1758589614115,true
2179281,114410.0,60.0,0.05244296,1758589614115,true
2179282,114392.5,1.0,8.74183185,1758589654557,false
2179283,114392.5,2.0,0.00174836,1758589662909,false
2179284,114392.5,7.0,0.00611928,1758589663206,false
2179285,114392.5,3.0,0.00262254,1758589668281,false
2179286,114409.1,3.0,0.00262216,1758589676155,true
2179287,114395.4,3.0,0.00262248,1758589784270,true
2179288,114380.2,2.0,0.00174855,1758589804022,false
2179289,114380.2,8.0,0.00699421,1758589804289,false
2179290,114380.2,8.0,0.00699421,1758589804289,false
2179291,114380.2,4.0,0.00349710,1758589804321,false
2179292,114380.2,2.0,0.00174855,1758589804408,false
2179293,114380.2,8.0,0.00699421,1758589804900,false
2179294,114380.2,6.0,0.00524566,1758589819831,false
2179295,114380.2,1.0,8.74277191,1758589819831,false
2179296,114409.6,11.0,0.00961457,1758589880298,true
2179297,114409.6,54.0,0.04719883,1758589880298,true
2179298,114398.2,64.0,0.05594493,1758589881588,true
2179299,114380.1,7.0,0.00611994,1758589924746,true
2179300,114380.1,62.0,0.05420523,1758589924746,true
2179301,114368.3,9.0,0.00786931,1758589927045,true
2179302,114368.3,63.0,0.05508519,1758589927045,true
2179303,114345.4,56.0,0.04897442,1758589948467,true
2179304,114342.5,543.0,0.47488903,1758589948467,true
2179305,114342.5,1.0,8.74565450,1758589949181,true
2179306,114342.5,1.0,8.74565450,1758589955801,true
2179307,114342.5,1268.0,1.10894899,1758589956335,true
2179308,114342.5,11.0,0.00962021,1758589956335,true
2179309,114342.5,43.0,0.03760631,1758589956338,true
2179310,114341.0,186.0,0.16267130,1758589956339,true
2179311,114329.1,1.0,8.74667954,1758589956350,true
2179312,114311.3,5.0,0.00437402,1758589973591,false
2179313,114311.3,1.0,8.74804153,1758589973591,false
2179314,114329.0,3.0,0.00262400,1758589980780,false
2179315,114340.5,13.0,0.01136954,1758589987320,true
2179316,114340.5,3.0,0.00262374,1758590010232,true
2179317,114319.0,2.0,0.00174949,1758590022870,false
2179318,114319.0,1.0,8.74745230,1758590022871,false
2179319,114352.2,66.0,0.05771642,1758590042490,false
2179320,114375.1,3.0,0.00262294,1758590043857,true
2179321,114352.4,3.0,0.00262346,1758590047716,false
2179322,114374.9,3.0,0.00262295,1758590069468,true
2179323,114322.2,3.0,0.00262416,1758590124215,false
2179324,114352.2,58.0,0.05072049,1758590147931,false
2179325,114375.2,64.0,0.05595618,1758590163826,false
2179326,114375.2,1.0,8.74315411,1758590163826,false
2179327,114381.2,4.0,0.00349707,1758590163826,false
2179328,114386.7,1.0,8.74227510,1758590163849,false
2179329,114386.7,68.0,0.05944747,1758590163849,false
2179330,114386.7,24.0,0.02098146,1758590163955,false
2179331,114386.7,1.0,8.74227510,1758590163956,false
2179332,114388.0,11.0,0.00961639,1758590163956,false
2179333,114388.0,29.0,0.02535230,1758590163979,false
2179334,114388.0,8.0,0.00699374,1758590163979,false
2179335,114388.0,18.0,0.01573591,1758590164397,false
2179336,114388.0,7.0,0.00611952,1758590164417,false
2179337,114388.0,12.0,0.01049061,1758590164417,false
2179338,114388.0,9.0,0.00786795,1758590164508,false
2179339,114388.0,2.0,0.00174843,1758590164508,false
2179340,114388.0,11.0,0.00961639,1758590164527,false
2179341,114388.0,11.0,0.00961639,1758590164772,false
2179342,114388.0,11.0,0.00961639,1758590164788,false
2179343,114428.5,1.0,8.73908160,1758590272349,false
2179344,114444.2,1.0,8.73788274,1758590272513,false
2179345,114444.2,6.0,0.00524272,1758590293770,false
2179346,114513.1,1.0,8.73262535,1758590309361,true
2179347,114513.1,1.0,8.73262535,1758590309369,true
2179348,114513.1,1.0,8.73262535,1758590309369,true
2179349,114513.1,1.0,8.73262535,1758590309369,true
2179350,114484.4,4.0,0.00349392,1758590327503,true
2179351,114483.9,58.0,0.05066214,1758590327503,true
2179352,114455.9,2.0,0.00174739,1758590346579,false
2179353,114455.9,2.0,0.00174739,1758590346579,false
2179354,114455.9,1.0,8.73698953,1758590346582,false
2179355,114468.3,4.0,0.00349441,1758590360647,true
2179356,114410.5,1.0,8.74045651,1758590396125,false
2179357,114410.5,2.0,0.00174809,1758590396131,false
2179358,114417.7,49.0,0.04282554,1758590398011,false
2179359,114417.7,1.0,8.73990650,1758590398011,false
2179360,114455.7,1.0,8.73700479,1758590430116,false
2179361,114455.7,7.0,0.00611590,1758590430116,false
2179362,114455.7,7.0,0.00611590,1758590430116,false
2179363,114455.7,108.0,0.09435965,1758590430116,false
2179364,114455.7,1.0,8.73700479,1758590430116,false
2179365,114456.0,2.0,0.00174739,1758590439682,true
2179366,114455.9,2.0,0.00174739,1758590465655,false
2179367,114465.9,2.0,0.00174724,1758590465992,false
2179368,114465.9,3.0,0.00262086,1758590465993,false
2179369,114465.9,41.0,0.03581852,1758590465994,false
2179370,114507.1,2.0,0.00174661,1758590509804,true
2179371,114507.1,48.0,0.04191879,1758590509804,true
2179372,114507.1,2.0,0.00174661,1758590514891,true
2179373,114501.6,2.0,0.00174670,1758590531957,false
2179374,114474.0,3.0,0.00262068,1758590636951,false
2179375,114522.9,4.0,0.00349275,1758590728694,true
2179376,114522.1,9.0,0.00785874,1758590728694,true
2179377,114493.1,3.0,0.00262024,1758590761149,false
2179378,114493.1,2.0,0.00174683,1758590761149,false
2179379,114493.1,6.0,0.00524049,1758590761150,false
2179380,114493.1,13.0,0.01135439,1758590761151,false
2179381,114493.1,25.0,0.02183537,1758590761154,false
2179382,114493.1,1.0,8.73415079,1758590761154,false
2179383,114493.1,1.0,8.73415079,1758590761154,false
2179384,114493.1,2.0,0.00174683,1758590761155,false
2179385,114493.1,5.0,0.00436707,1758590761158,false
2179386,114493.1,2.0,0.00174683,1758590761162,false
2179387,114493.1,3.0,0.00262024,1758590761166,false
2179388,114493.1,1.0,8.73415079,1758590766908,false
2179389,114493.1,1.0,8.73415079,1758590766911,false
2179390,114495.8,10.0,0.00873394,1758590766911,false
2179391,114510.7,2.0,0.00174656,1758590870829,true
2179392,114496.4,3.0,0.00262016,1758590893511,false
2179393,114496.4,1.0,8.73389905,1758590893511,false
2179394,114501.5,32.0,0.02794723,1758590893581,false
2179395,114521.4,2.0,0.00174639,1758591004131,false
2179396,114521.4,10.0,0.00873199,1758591004446,false
2179397,114521.4,4.0,0.00349279,1758591004446,false
2179398,114521.4,1.0,8.73199244,1758591004446,false
2179399,114521.4,1.0,8.73199244,1758591004446,false
2179400,114521.4,8.0,0.00698559,1758591004568,false
2179401,114521.4,4.0,0.00349279,1758591005003,false
2179402,114521.4,2.0,0.00174639,1758591005011,false
2179403,114521.3,3.0,0.00261960,1758591012071,true
2179404,114521.3,1.0,8.73200007,1758591012075,true
2179405,114521.3,2.0,0.00174640,1758591012075,true
2179406,114521.3,4.0,0.00349280,1758591012081,true
2179407,114521.3,3.0,0.00261960,1758591012652,true
2179408,114521.3,4.0,0.00349280,1758591012791,true
2179409,114521.3,3.0,0.00261960,1758591012797,true
2179410,114521.3,48.0,0.04191360,1758591048441,true
2179411,114521.3,6.0,0.00523920,1758591048441,true
2179412,114504.3,14.0,0.01222661,1758591085642,false
2179413,114504.3,1.0,8.73329647,1758591085642,false
2179414,114504.3,1.0,8.73329647,1758591085642,false
2179415,114504.3,2.0,0.00174665,1758591085643,false
2179416,114504.3,4.0,0.00349331,1758591085643,false
2179417,114504.3,3.0,0.00261998,1758591085643,false
2179418,114504.3,1.0,8.73329647,1758591085646,false
2179419,114504.3,3.0,0.00261998,1758591085646,false
2179420,114504.3,1.0,8.73329647,1758591085646,false
2179421,114504.3,2.0,0.00174665,1758591085651,false
2179422,114504.3,2.0,0.00174665,1758591085653,false
2179423,114504.3,1.0,8.73329647,1758591085655,false
2179424,114504.3,1.0,8.73329647,1758591085655,false
2179425,114504.3,2.0,0.00174665,1758591085657,false
2179426,114504.3,1.0,8.73329647,1758591085869,false
2179427,114504.3,3.0,0.00261998,1758591085869,false
2179428,114504.3,3.0,0.00261998,1758591085869,false
2179429,114504.3,4.0,0.00349331,1758591085869,false
2179430,114504.3,3.0,0.00261998,1758591085869,false
2179431,114504.3,4.0,0.00349331,1758591085869,false
2179432,114504.3,1.0,8.73329647,1758591085869,false
2179433,114504.3,3.0,0.00261998,1758591086226,false
2179434,114504.3,3.0,0.00261998,1758591086226,false
2179435,114524.6,50.0,0.04365874,1758591091169,true
2179436,114524.6,4.0,0.00349269,1758591098445,true
2179437,114524.6,18.0,0.01571714,1758591098445,true
2179438,114524.6,1.0,8.73174846,1758591098445,true
2179439,114461.3,4.0,0.00349463,1758591192153,true
2179440,114455.8,104.0,0.09086477,1758591193215,true
2179441,114455.8,23.0,0.02009509,1758591193218,true
2179442,114421.2,17.0,0.01485738,1758591211997,true
2179443,114421.2,18.0,0.01573135,1758591213510,true
2179444,114399.9,2.0,0.00174825,1758591232502,false
2179445,114399.9,1.0,8.74126638,1758591232521,false
2179446,114399.9,1.0,8.74126638,1758591232521,false
2179447,114399.9,35.0,0.03059443,1758591232881,false
2179448,114399.9,3.0,0.00262237,1758591232895,false
2179449,114400.0,3.0,0.00262237,1758591355934,false
2179450,114400.0,2.0,0.00174825,1758591355934,false
2179451,114400.0,41.0,0.03583916,1758591371187,false
2179452,114400.0,3.0,0.00262237,1758591371187,false
2179453,114400.0,22.0,0.01923076,1758591371187,false
2179454,114400.0,25.0,0.02185314,1758591371187,false
2179455,114400.0,107.0,0.09353146,1758591371187,false
2179456,114400.0,1.0,8.74125874,1758591371187,false
2179457,114401.9,61.0,0.05332079,1758591371187,false
2179458,114402.2,200.0,0.17482181,1758591371187,false
2179459,114402.9,2.0,0.00174820,1758591371187,false
2179460,114405.0,32.0,0.02797080,1758591371187,false
2179461,114405.1,108.0,0.09440138,1758591371187,false
2179462,114409.2,22.0,0.01922922,1758591371187,false
2179463,114411.5,25.0,0.02185095,1758591371187,false
2179464,114421.2,1.0,8.73963915,1758591371187,false
2179465,114423.2,14.0,0.01223528,1758591371187,false
2179466,114423.2,27.0,0.02359661,1758591371187,false
2179467,114423.8,25.0,0.02184860,1758591371187,false
2179468,114424.6,10.0,0.00873937,1758591371187,false
2179469,114426.0,108.0,0.09438414,1758591371187,false
2179470,114431.0,31.0,0.02709056,1758591371187,false
2179471,114431.1,102.0,0.08913660,1758591371187,false
2179472,114432.7,1.0,8.73876086,1758591371187,false
2179473,114440.3,38.0,0.03320508,1758591371188,false
2179474,114440.4,102.0,0.08912936,1758591371188,false
2179475,114444.2,1.0,8.73788274,1758591371188,false
2179476,114444.5,24.0,0.02097086,1758591371188,false
2179477,114445.3,11.0,0.00961157,1758591371188,false
2179478,114409.7,3.0,0.00262215,1758591413539,true
2179479,114394.0,14.0,0.01223840,1758591423048,false
2179480,114394.0,1.0,8.74171722,1758591423048,false
2179481,114409.7,18.0,0.01573293,1758591446118,false
2179482,114409.7,31.0,0.02709560,1758591446118,false
2179483,114409.7,25.0,0.02185129,1758591446118,false
2179484,114409.7,22.0,0.01922913,1758591446118,false
2179485,114409.7,1.0,8.74051763,1758591446118,false
2179486,114410.3,61.0,0.05331687,1758591446118,false
2179487,114410.4,200.0,0.17480928,1758591446118,false
2179488,114410.9,2.0,0.00174808,1758591446118,false
2179489,114417.1,10.0,0.00873995,1758591446118,false
2179490,114419.9,78.0,0.06816995,1758591446118,false
2179491,114420.0,250.0,0.21849327,1758591446118,false
2179492,114421.2,1.0,8.73963915,1758591446118,false
2179493,114423.4,206.0,0.18003310,1758591446118,false
2179494,114423.5,239.0,0.20887317,1758591446118,false
2179495,114409.6,23.0,0.02010320,1758591447643,true
2179496,114409.6,59.0,0.05156909,1758591447643,true
2179497,114409.6,92.0,0.08041283,1758591447643,true
2179498,114395.7,5.0,0.00437079,1758591454911,false
2179499,114395.6,59.0,0.05157541,1758591460079,true
2179500,114352.2,22.0,0.01923880,1758591517710,false
2179501,114352.2,1.0,8.74491264,1758591517714,false
2179502,114375.2,1.0,8.74315411,1758591592878,false
2179503,114375.2,58.0,0.05071029,1758591592878,false
2179504,114375.2,25.0,0.02185788,1758591592878,false
2179505,114375.2,42.0,0.03672124,1758591592879,false
2179506,114375.2,1.0,8.74315411,1758591592879,false
2179507,114375.2,22.0,0.01923493,1758591592879,false
2179508,114375.2,3.0,0.00262294,1758591592879,false
2179509,114375.4,61.0,0.05333314,1758591592879,false
2179510,114375.5,200.0,0.17486262,1758591592879,false
2179511,114376.9,2.0,0.00174860,1758591592879,false
2179512,114383.9,1.0,8.74248910,1758591610088,true
2179513,114383.9,13.0,0.01136523,1758591610289,true
2179514,114380.0,11.0,0.00961706,1758591611191,true
2179515,114380.0,2.0,0.00174855,1758591611193,true
2179516,114380.0,41.0,0.03584542,1758591611250,true
2179517,114380.0,1.0,8.74278720,1758591611255,true
2179518,114380.0,1.0,8.74278720,1758591611403,true
2179519,114380.0,100.0,0.08742787,1758591615271,true
2179520,114380.0,58.0,0.05070816,1758591615271,true
2179521,114360.4,9.0,0.00786985,1758591615417,true
2179522,114360.4,39.0,0.03410271,1758591615417,true
2179523,114334.7,54.0,0.04722975,1758591629165,true
2179524,114327.7,108.0,0.09446529,1758591629167,true
2179525,114300.1,48.0,0.04199471,1758591629269,true
2179526,114300.1,1.0,8.74889873,1758591638675,true
2179527,114300.0,1.0,8.74890638,1758591638675,true
2179528,114287.6,9.0,0.00787487,1758591638824,true
2179529,114287.6,39.0,0.03412443,1758591638830,true
2179530,114287.7,4.0,0.00349993,1758591640771,false
2179531,114287.7,27.0,0.02362458,1758591640771,false
2179532,114287.7,21.0,0.01837468,1758591640774,false
2179533,114287.7,1.0,8.74984797,1758591640774,false
2179534,114306.2,3.0,0.00262452,1758591655883,false
2179535,114306.2,1.0,8.74843184,1758591655883,false
2179536,114293.1,55.0,0.04812189,1758591716621,true
2179537,114293.1,26.0,0.02274852,1758591716622,true
2179538,114293.1,24.0,0.02099864,1758591716622,true
2179539,114293.1,39.0,0.03412279,1758591716622,true
2179540,114293.2,2.0,0.00174988,1758591717275,false
2179541,114293.2,2.0,0.00174988,1758591717275,false
2179542,114306.1,4.0,0.00349937,1758591741457,true
2179543,114281.2,3.0,0.00262510,1758591745059,true
2179544,114281.2,9.0,0.00787531,1758591745081,true
2179545,114281.2,22.0,0.01925076,1758591745099,true
2179546,114279.8,4.0,0.00350018,1758591745112,true
2179547,114250.1,4.0,0.00350109,1758591768252,false
2179548,114250.1,1.0,8.75272756,1758591768252,false
2179549,114266.5,1.0,8.75147134,1758591781278,false
2179550,114266.5,3.0,0.00262544,1758591781333,false
2179551,114285.6,4.0,0.00350000,1758591800582,true
2179552,114285.3,52.0,0.04550016,1758591800582,true
2179553,114260.2,2.0,0.00175039,1758591820092,false
2179554,114260.2,2.0,0.00175039,1758591820092,false
2179555,114260.2,31.0,0.02713105,1758591820092,false
2179556,114260.2,21.0,0.01837910,1758591821840,false
2179557,114260.2,9.0,0.00787675,1758591825489,false
2179558,114262.2,35.0,0.03063130,1758591825541,false
2179559,114262.2,6.0,0.00525108,1758591825541,false
2179560,114262.2,2.0,0.00175036,1758591825542,false
2179561,114262.2,5.0,0.00437590,1758591825544,false
2179562,114271.7,60.0,0.05250643,1758591834431,false
2179563,114283.0,4.0,0.00350008,1758591840829,true
2179564,114283.0,64.0,0.05600133,1758591840829,true
2179565,114276.6,56.0,0.04900390,1758591893081,false
2179566,114276.6,4.0,0.00350027,1758591893081,false
2179567,114276.6,1.0,8.75069786,1758591893081,false
2179568,114306.1,108.0,0.09448314,1758591967950,true
2179569,114306.1,200.0,0.17496878,1758591967950,true
2179570,114306.1,92.0,0.08048564,1758591967950,true
2179571,114306.1,4.0,0.00349937,1758591967950,true
2179572,114306.1,63.0,0.05511516,1758591967950,true
2179573,114306.0,24.0,0.02099627,1758591967951,true
2179574,114305.5,9.0,0.00787363,1758591967951,true
2179575,114306.1,24.0,0.02099625,1758591967959,true
2179576,114306.1,4.0,0.00349937,1758591967959,true
2179577,114306.1,92.0,0.08048564,1758591967959,true
2179578,114305.6,27.0,0.02362088,1758591967959,true
2179579,114305.7,3.0,0.00262454,1758591989112,false
2179580,114305.7,1.0,8.74847011,1758591989166,false
2179581,114332.1,6.0,0.00524787,1758592000107,false
2179582,114336.6,1.0,8.74610579,1758592031541,true
2179583,114336.6,3.0,0.00262383,1758592031693,true
2179584,114336.6,1.0,8.74610579,1758592031695,true
2179585,114309.1,7.0,0.00612374,1758592067064,false
2179586,114309.1,1.0,8.74820989,1758592067064,false
2179587,114320.7,4.0,0.00349892,1758592133505,true
2179588,114320.7,33.0,0.02886616,1758592133505,true
2179589,114306.2,4.0,0.00349937,1758592181755,true
2179590,114283.3,4.0,0.00350007,1758592208248,true
2179591,114279.0,108.0,0.09450555,1758592209789,true
2179592,114269.0,3.0,0.00262538,1758592219039,true
2179593,114250.0,7.0,0.00612691,1758592238043,true
2179594,114222.3,4.0,0.00350194,1758592253332,false
2179595,114222.3,20.0,0.01750971,1758592253332,false
2179596,114222.3,22.0,0.01926068,1758592253332,false
2179597,114233.9,4.0,0.00350158,1758592274954,true
2179598,114222.2,2.0,0.00175097,1758592283366,true
2179599,114222.2,6.0,0.00525291,1758592283366,true
2179600,114220.1,4.0,0.00350201,1758592283367,true
2179601,114214.3,5.0,0.00437773,1758592283368,true
2179602,114208.6,1.0,8.75590804,1758592283420,true
2179603,114204.8,1.0,8.75619938,1758592283420,true
2179604,114186.6,4.0,0.00350303,1758592299836,false
2179605,114208.7,24.0,0.02101416,1758592301927,false
2179606,114208.7,90.0,0.07880310,1758592301927,false
2179607,114208.6,3.0,0.00262677,1758592332376,true
2179608,114162.0,1.0,8.75948213,1758592383970,true
2179609,114155.5,1.0,8.75998090,1758592383970,true
2179610,114146.5,7.0,0.00613247,1758592386019,true
2179611,114146.6,3.0,0.00262819,1758592393990,false
2179612,114164.4,3.0,0.00262778,1758592400931,false
2179613,114188.7,3.0,0.00262723,1758592407473,true
2179614,114188.5,3.0,0.00262723,1758592421994,true
2179615,114175.5,3.0,0.00262753,1758592447306,false
2179616,114191.2,61.0,0.05341917,1758592450724,false
2179617,114191.2,3.0,0.00262717,1758592450724,false
2179618,114191.2,92.0,0.08056662,1758592450724,false
2179619,114202.6,3.0,0.00262691,1758592476729,true
2179620,114202.6,1.0,8.75636806,1758592476729,true
2179621,114184.9,5.0,0.00437886,1758592486155,false
2179622,114214.1,1.0,8.75548640,1758592491019,true
2179623,114214.1,1.0,8.75548640,1758592500417,true
2179624,114214.1,3.0,0.00262664,1758592500417,true
2179625,114188.2,5.0,0.00437873,1758592526682,true
2179626,114169.5,1.0,8.75890671,1758592542276,false
2179627,114169.5,3.0,0.00262767,1758592544823,false
2179628,114170.5,1.0,8.75882999,1758592546237,false
2179629,114170.5,4.0,0.00350353,1758592547687,false
2179630,114170.9,66.0,0.05780807,1758592547687,false
2179631,114191.1,4.0,0.00350289,1758592606790,true
2179632,114191.1,1.0,8.75724990,1758592606790,true
2179633,114190.2,42.0,0.03678073,1758592606790,true
2179634,114190.2,2.0,0.00175146,1758592606794,true
2179635,114157.5,3.0,0.00262794,1758592645048,false
2179636,114157.5,8.0,0.00700786,1758592645063,false
2179637,114157.5,3.0,0.00262794,1758592645066,false
2179638,114157.5,3.0,0.00262794,1758592645343,false
2179639,114163.6,56.0,0.04905241,1758592646785,false
2179640,114191.1,3.0,0.00262717,1758592717372,true
2179641,114187.3,1.0,8.75754133,1758592753135,true
2179642,114164.3,4.0,0.00350372,1758592802009,false
2179643,114248.6,2.0,0.00175056,1758592806074,true
2179644,114248.6,1.0,8.75284248,1758592806181,true
2179645,114225.7,3.0,0.00262637,1758592808856,false
2179646,114225.7,59.0,0.05165212,1758592808856,false
2179647,114225.7,1.0,8.75459725,1758592808856,false
2179648,114225.7,15.0,0.01313189,1758592808856,false
2179649,114225.7,25.0,0.02188649,1758592808856,false
2179650,114229.1,22.0,0.01925954,1758592808856,false
2179651,114237.2,1.0,8.75371595,1758592820625,false
2179652,114248.6,3.0,0.00262585,1758592837183,true
2179653,114226.8,3.0,0.00262635,1758592839635,true
2179654,114214.3,9.0,0.00787992,1758592855151,false
2179655,114214.3,3.0,0.00262664,1758592855151,false
2179656,114214.3,56.0,0.04903063,1758592855151,false
2179657,114214.3,7.0,0.00612882,1758592855151,false
2179658,114214.3,2.0,0.00175109,1758592855153,false
2179659,114214.3,15.0,0.01313320,1758592855154,false
2179660,114214.3,1.0,8.75547107,1758592855154,false
2179661,114214.3,2.0,0.00175109,1758592855155,false
2179662,114214.3,5.0,0.00437773,1758592855156,false
2179663,114214.3,2.0,0.00175109,1758592855180,false
2179664,114214.3,1.0,8.75547107,1758592855214,false
2179665,114237.2,5.0,0.00437685,1758592871422,false
2179666,114329.1,3.0,0.00262400,1758592917946,true
2179667,114303.4,3.0,0.00262459,1758592920192,true
2179668,114271.7,3.0,0.00262532,1758592928396,false
2179669,114271.7,1.0,8.75107310,1758592928396,false
2179670,114306.1,3.0,0.00262453,1758592933691,true
2179671,114239.3,3.0,0.00262606,1758592961875,false
2179672,114292.4,3.0,0.00262484,1758593001577,true
2179673,114292.1,2.0,0.00174990,1758593001598,true
2179674,114265.8,3.0,0.00262545,1758593006752,false
2179675,114265.8,1.0,8.75152495,1758593006752,false
2179676,114288.7,1.0,8.74977141,1758593019335,false
2179677,114288.7,2.0,0.00174995,1758593019922,false
2179678,114306.2,62.0,0.05424027,1758593034890,false
2179679,114317.6,3.0,0.00262426,1758593049859,true
2179680,114317.6,1.0,8.74755943,1758593049859,true
2179681,114294.7,3.0,0.00262479,1758593052620,true
2179682,114294.7,54.0,0.04724628,1758593052620,true
2179683,114294.7,1.0,8.74931208,1758593052620,true
2179684,114247.2,3.0,0.00262588,1758593074823,false
2179685,114247.2,1.0,8.75294974,1758593074823,false
2179686,114271.6,3.0,0.00262532,1758593082733,true
2179687,114226.8,1.0,8.75451295,1758593086721,false
2179688,114226.8,2.0,0.00175090,1758593086724,false
2179689,114255.1,2.0,0.00175046,1758593100507,false
2179690,114255.1,1.0,8.75234453,1758593100518,false
2179691,114306.1,1.0,8.74843949,1758593116816,true
2179692,114306.1,1.0,8.74843949,1758593116868,true
2179693,114306.1,1.0,8.74843949,1758593116869,true
2179694,114283.1,2.0,0.00175004,1758593128247,true
2179695,114283.1,1.0,8.75020016,1758593128309,true
2179696,114246.8,3.0,0.00262589,1758593157715,false
2179697,114271.6,3.0,0.00262532,1758593165598,true
2179698,114271.6,35.0,0.03062878,1758593165598,true
2179699,114271.7,1.0,8.75107310,1758593171624,false
2179700,114271.7,1.0,8.75107310,1758593171627,false
2179701,114271.7,1.0,8.75107310,1758593174249,false
2179702,114290.6,3.0,0.00262488,1758593181538,true
2179703,114290.6,22.0,0.01924917,1758593181538,true
2179704,114290.6,1.0,8.74962595,1758593181538,true
2179705,114278.6,200.0,0.17501089,1758593181538,true
2179706,114271.6,24.0,0.02100259,1758593181538,true
2179707,114271.6,1.0,8.75108075,1758593181539,true
2179708,114270.5,108.0,0.09451258,1758593181539,true
2179709,114260.1,1.0,8.75196153,1758593181539,true
2179710,114260.1,24.0,0.02100470,1758593181539,true
2179711,114258.2,2.0,0.00175042,1758593181539,true
2179712,114256.5,31.0,0.02713193,1758593181539,true
2179713,114256.4,102.0,0.08927289,1758593181539,true
2179714,114248.6,1.0,8.75284248,1758593181539,true
2179715,114246.8,38.0,0.03326132,1758593181539,true
2179716,114246.7,25.0,0.02188247,1758593181539,true
2179717,114246.0,102.0,0.08928102,1758593181539,true
2179718,114238.3,1.0,8.75363166,1758593181539,true
2179719,114237.2,38.0,0.03326412,1758593181539,true
2179720,114237.1,1.0,8.75372361,1758593181539,true
2179721,114236.8,102.0,0.08928821,1758593181539,true
2179722,114235.2,25.0,0.02188467,1758593181539,true
2179723,114230.5,32.0,0.02801353,1758593181539,true
2179724,114230.4,108.0,0.09454576,1758593181539,true
2179725,114227.2,31.0,0.02713889,1758593181539,true
2179726,114227.1,102.0,0.08929579,1758593181539,true
2179727,114225.6,1.0,8.75460492,1758593181539,true
2179728,114224.5,43.0,0.03764516,1758593181539,true
2179729,114216.5,38.0,0.03327014,1758593181539,true
2179730,114215.2,24.0,0.02101296,1758593181539,true
2179731,114214.1,1.0,8.75548640,1758593181539,true
2179732,114212.0,102.0,0.08930760,1758593181539,true
2179733,114208.6,14.0,0.01225827,1758593181539,true
2179734,114208.5,45.0,0.03940162,1758593181539,true
2179735,114204.0,39.0,0.03414941,1758593181539,true
2179736,114204.0,266.0,0.23291653,1758593181539,true
2179737,114202.7,102.0,0.08931487,1758593181539,true
2179738,114202.6,25.0,0.02189092,1758593181539,true
2179739,114202.6,1.0,8.75636806,1758593181539,true
2179740,114199.7,905.0,0.79247143,1758593181539,true
2179741,114199.1,110.0,0.09632300,1758593181539,true
2179742,114271.4,1.0,8.75109607,1758593181547,true
2179743,114271.5,3.0,0.00262532,1758593183823,false
2179744,114291.3,3.0,0.00262487,1758593196081,true
2179745,114291.3,200.0,0.17499144,1758593196081,true
2179746,114291.3,61.0,0.05337239,1758593196081,true
2179747,114291.3,1.0,8.74957236,1758593196081,true
2179748,114291.3,22.0,0.01924905,1758593196081,true
2179749,114282.3,2.0,0.00175005,1758593196081,true
2179750,114279.8,25.0,0.02187613,1758593196081,true
2179751,114271.7,31.0,0.02712832,1758593196081,true
2179752,114271.6,1.0,8.75108075,1758593196081,true
2179753,114271.6,102.0,0.08926102,1758593196081,true
2179754,114262.3,31.0,0.02713055,1758593196081,true
2179755,114262.2,102.0,0.08926836,1758593196081,true
2179756,114260.1,1.0,8.75196153,1758593196081,true
2179757,114259.9,25.0,0.02187994,1758593196081,true
2179758,114253.1,31.0,0.02713274,1758593196081,true
2179759,114253.0,102.0,0.08927555,1758593196081,true
2179760,114248.6,1.0,8.75284248,1758593196081,true
2179761,114248.4,25.0,0.02188214,1758593196081,true
2179762,114245.0,31.0,0.02713466,1758593196081,true
2179763,114243.8,102.0,0.08928274,1758593196081,true
2179764,114237.1,1.0,8.75372361,1758593196081,true
2179765,114236.9,25.0,0.02188434,1758593196081,true
2179766,114234.7,31.0,0.02713711,1758593196081,true
2179767,114234.6,102.0,0.08928993,1758593196081,true
2179768,114225.6,1.0,8.75460492,1758593196081,true
2179769,114225.5,20.0,0.01750922,1758593196081,true
2179770,114225.4,25.0,0.02188655,1758593196081,true
2179771,114224.0,40.0,0.03501891,1758593196081,true
2179772,114219.9,38.0,0.03326915,1758593196081,true
2179773,114218.7,296.0,0.25915196,1758593196081,true
2179774,114218.6,591.0,0.51742886,1758593196082,true
2179775,114266.4,4.0,0.00350059,1758593203762,false
2179776,114266.4,92.0,0.08051360,1758593203762,false
2179777,114266.4,66.0,0.05775976,1758593203762,false
2179778,114295.8,27.0,0.02362291,1758593206318,true
2179779,114295.9,54.0,0.04724578,1758593224267,false
2179780,114295.9,29.0,0.02537273,1758593224267,false
2179781,114295.8,200.0,0.17498455,1758593224639,true
2179782,114295.8,5.0,0.00437461,1758593224639,true
2179783,114295.8,66.0,0.05774490,1758593224639,true
2179784,114295.8,92.0,0.08049289,1758593224639,true
2179785,114295.8,22.0,0.01924830,1758593224639,true
2179786,114295.8,1.0,8.74922788,1758593224639,true
2179787,114293.7,2.0,0.00174987,1758593224639,true
2179788,114288.1,25.0,0.02187454,1758593224639,true
2179789,114283.7,32.0,0.02800049,1758593224639,true
2179790,114283.2,107.0,0.09362705,1758593224639,true
2179791,114283.1,1.0,8.75020016,1758593224639,true
2179792,114271.9,107.0,0.09363631,1758593224639,true
2179793,114271.8,71.0,0.06213256,1758593224639,true
2179794,114271.7,107.0,0.09363648,1758593224639,true
2179795,114271.6,1.0,8.75108075,1758593224639,true
2179796,114268.8,102.0,0.08926321,1758593224639,true
2179797,114268.4,25.0,0.02187831,1758593224639,true
2179798,114260.1,1.0,8.75196153,1758593224639,true
2179799,114257.2,31.0,0.02713176,1758593224639,true
2179800,114257.1,102.0,0.08927235,1758593224639,true
2179801,114254.8,25.0,0.02188091,1758593224639,true
2179802,114248.6,1.0,8.75284248,1758593224639,true
2179803,114248.0,31.0,0.02713395,1758593224639,true
2179804,114247.9,102.0,0.08927954,1758593224639,true
2179805,114243.3,25.0,0.02188312,1758593224639,true
2179806,114238.8,31.0,0.02713613,1758593224639,true
2179807,114238.8,20.0,0.01750718,1758593224639,true
2179808,114238.7,102.0,0.08928673,1758593224639,true
2179809,114238.3,1.0,8.75363166,1758593224640,true
2179810,114237.1,1.0,8.75372361,1758593224640,true
2179811,114234.3,80.0,0.07003150,1758593224640,true
2179812,114231.8,25.0,0.02188532,1758593224640,true
2179813,114231.5,34.0,0.02976411,1758593224640,true
2179814,114228.9,217.0,0.18996943,1758593224640,true
2179815,114295.9,44.0,0.03849656,1758593224786,false
2179816,114295.9,13.0,0.01137398,1758593225087,false
2179817,114295.9,5.0,0.00437461,1758593225221,false
2179818,114295.9,17.0,0.01487367,1758593225221,false
2179819,114295.9,13.0,0.01137398,1758593225293,false
2179820,114295.8,57.0,0.04987059,1758593235455,true
2179821,114295.8,5.0,0.00437461,1758593235455,true
2179822,114295.8,200.0,0.17498455,1758593235455,true
2179823,114295.8,2.0,0.00174984,1758593235455,true
2179824,114295.8,1.0,8.74922788,1758593235455,true
2179825,114295.8,22.0,0.01924830,1758593235455,true
2179826,114284.3,25.0,0.02187527,1758593235455,true
2179827,114283.1,1.0,8.75020016,1758593235455,true
2179828,114273.1,10.0,0.00875096,1758593235455,true
2179829,114273.0,11.0,0.00962607,1758593235455,true
2179830,114272.9,10.0,0.00875098,1758593235455,true
2179831,114272.8,25.0,0.02187747,1758593235455,true
2179832,114271.6,1.0,8.75108075,1758593235455,true
2179833,114267.2,11.0,0.00962655,1758593235455,true
2179834,114267.2,31.0,0.02712939,1758593235455,true
2179835,114267.1,102.0,0.08926453,1758593235455,true
2179836,114261.5,14.0,0.01225259,1758593235455,true
2179837,114261.4,11.0,0.00962704,1758593235455,true
2179838,114261.3,25.0,0.02187967,1758593235455,true
2179839,114260.1,1.0,8.75196153,1758593235455,true
2179840,114256.4,31.0,0.02713195,1758593235455,true
2179841,114256.3,102.0,0.08927297,1758593235455,true
2179842,114249.8,25.0,0.02188187,1758593235455,true
2179843,114248.8,10.0,0.00875282,1758593235455,true
2179844,114248.7,31.0,0.02713378,1758593235455,true
2179845,114248.6,1.0,8.75284248,1758593235456,true
2179846,114247.1,102.0,0.08928016,1758593235456,true
2179847,114244.7,272.0,0.23808544,1758593235456,true
2179848,114244.6,809.0,0.70812974,1758593235456,true
2179849,114295.8,27.0,0.02362291,1758593236674,true
2179850,114295.8,19.0,0.01662353,1758593236678,true
2179851,114295.9,5.0,0.00437461,1758593247599,false
2179852,114295.9,62.0,0.05424516,1758593247599,false
2179853,114295.9,92.0,0.08049282,1758593247599,false
2179854,114295.9,55.0,0.04812071,1758593248912,false
2179855,114295.9,15.0,0.01312383,1758593248912,false
2179856,114321.4,200.0,0.17494537,1758593252131,true
2179857,114321.4,22.0,0.01924399,1758593252131,true
2179858,114321.4,23.0,0.02011871,1758593252131,true
2179859,114321.4,1.0,8.74726866,1758593252131,true
2179860,114321.4,59.0,0.05160888,1758593252131,true
2179861,114321.4,92.0,0.08047487,1758593252131,true
2179862,114319.7,2.0,0.00174947,1758593252131,true
2179863,114306.1,1.0,8.74843949,1758593252131,true
2179864,114295.8,24.0,0.02099814,1758593252131,true
2179865,114294.6,1.0,8.74931974,1758593252131,true
2179866,114283.1,1.0,8.75020016,1758593252131,true
2179867,114283.1,13.0,0.01137526,1758593252131,true
2179868,114278.4,9.0,0.00787550,1758593252131,true
2179869,114273.3,10.0,0.00875095,1758593252131,true
2179870,114273.2,11.0,0.00962605,1758593252131,true
2179871,114273.1,10.0,0.00875096,1758593252131,true
2179872,114272.8,25.0,0.02187747,1758593252131,true
2179873,114271.6,1.0,8.75108075,1758593252131,true
2179874,114266.9,11.0,0.00962658,1758593252131,true
2179875,114262.1,9.0,0.00787662,1758593252131,true
2179876,114262.1,38.0,0.03325687,1758593252132,true
2179877,114262.1,272.0,0.23804918,1758593252132,true
2179878,114262.0,77.0,0.06738898,1758593252132,true
2179879,114295.0,23.0,0.02012336,1758593252273,false
2179880,114315.6,23.0,0.02011973,1758593263403,true
2179881,114315.6,56.0,0.04898718,1758593263403,true
2179882,114315.6,92.0,0.08047895,1758593263403,true
2179883,114315.6,22.0,0.01924496,1758593263404,true
2179884,114315.6,1.0,8.74771247,1758593263404,true
2179885,114315.1,2.0,0.00174955,1758593263404,true
2179886,114313.7,60.0,0.05248714,1758593263404,true
2179887,114313.6,200.0,0.17495731,1758593263404,true
2179888,114294.9,24.0,0.02099831,1758593263404,true
2179889,114294.6,1.0,8.74931974,1758593263404,true
2179890,114283.1,1.0,8.75020016,1758593263404,true
2179891,114274.7,16.0,0.01400134,1758593263404,true
2179892,114274.6,16.0,0.01400136,1758593263404,true
2179893,114274.5,16.0,0.01400137,1758593263404,true
2179894,114274.4,24.0,0.02100207,1758593263404,true
2179895,114273.5,34.0,0.02975317,1758593263404,true
2179896,114273.4,102.0,0.08925961,1758593263404,true
2179897,114271.6,1.0,8.75108075,1758593263404,true
2179898,114262.2,9.0,0.00787662,1758593263404,true
2179899,114262.1,19.0,0.01662843,1758593263404,true
2179900,114262.1,265.0,0.23192292,1758593263404,true
2179901,114262.0,25.0,0.02187954,1758593263404,true
2179902,114261.3,25.0,0.02187967,1758593263404,true
2179903,114260.1,1.0,8.75196153,1758593263404,true
2179904,114258.2,125.0,0.10940133,1758593263404,true
2179905,114295.1,23.0,0.02012334,1758593264067,false
2179906,114295.1,92.0,0.08049338,1758593264067,false
2179907,114295.1,25.0,0.02187320,1758593264067,false
2179908,114309.1,25.0,0.02187052,1758593264068,false
2179909,114315.6,23.0,0.02011973,1758593274637,true
2179910,114315.6,200.0,0.17495424,1758593274637,true
2179911,114315.6,55.0,0.04811241,1758593274637,true
2179912,114315.6,2.0,0.00174954,1758593274637,true
2179913,114315.6,1.0,8.74771247,1758593274637,true
2179914,114315.6,22.0,0.01924496,1758593274637,true
2179915,114315.6,50.0,0.04373856,1758593274637,true
2179916,114315.6,3.0,0.00262431,1758593278289,true
2179917,114315.6,2.0,0.00174954,1758593278289,true
2179918,114315.6,5.0,0.00437385,1758593278290,true
2179919,114315.6,12.0,0.01049725,1758593278292,true
2179920,114315.6,2.0,0.00174954,1758593278294,true
2179921,114315.6,9.0,0.00787294,1758593278296,true
2179922,114315.6,5.0,0.00437385,1758593278297,true
2179923,114315.6,7.0,0.00612339,1758593278298,true
2179924,114315.6,5.0,0.00437385,1758593278299,true
2179925,114315.6,7.0,0.00612339,1758593278301,true
2179926,114315.6,1.0,8.74771247,1758593278301,true
2179927,114315.6,5.0,0.00437385,1758593278302,true
2179928,114315.6,6.0,0.00524862,1758593278304,true
2179929,114315.6,6.0,0.00524862,1758593278305,true
2179930,114315.6,3.0,0.00262431,1758593278306,true
2179931,114315.6,1.0,8.74771247,1758593278308,true
2179932,114315.6,1.0,8.74771247,1758593278308,true
2179933,114314.4,20.0,0.01749560,1758593278319,true
2179934,114314.4,2.0,0.00174956,1758593278320,true
2179935,114314.4,4.0,0.00349912,1758593278322,true
2179936,114304.6,92.0,0.08048669,1758593285234,false
2179937,114304.6,23.0,0.02012167,1758593285234,false
2179938,114304.6,58.0,0.05074161,1758593285234,false
2179939,114327.1,200.0,0.17493665,1758593285957,true
2179940,114327.1,22.0,0.01924303,1758593285957,true
2179941,114327.1,1.0,8.74683255,1758593285957,true
2179942,114327.1,55.0,0.04810757,1758593285957,true
2179943,114327.1,23.0,0.02011771,1758593285957,true
2179944,114317.1,2.0,0.00174951,1758593285957,true
2179945,114315.8,25.0,0.02186924,1758593285957,true
2179946,114306.1,1.0,8.74843949,1758593285957,true
2179947,114304.5,25.0,0.02187140,1758593285957,true
2179948,114294.6,1.0,8.74931974,1758593285957,true
2179949,114289.8,9.0,0.00787471,1758593285957,true
2179950,114283.6,11.0,0.00962517,1758593285957,true
2179951,114283.5,25.0,0.02187542,1758593285957,true
2179952,114283.1,1.0,8.75020016,1758593285957,true
2179953,114278.3,9.0,0.00787551,1758593285957,true
2179954,114272.3,11.0,0.00962612,1758593285957,true
2179955,114272.2,11.0,0.00962613,1758593285957,true
2179956,114272.1,11.0,0.00962614,1758593285958,true
2179957,114272.0,25.0,0.02187762,1758593285958,true
2179958,114271.6,1.0,8.75108075,1758593285958,true
2179959,114263.8,15.0,0.01312751,1758593285958,true
2179960,114262.5,18.0,0.01575319,1758593285958,true
2179961,114262.4,31.0,0.02713053,1758593285958,true
2179962,114262.3,102.0,0.08926828,1758593285958,true
2179963,114261.3,635.0,0.55574372,1758593285958,true
2179964,114327.1,5.0,0.00437341,1758593285963,true
2179965,114327.1,23.0,0.02011771,1758593285966,true
2179966,114327.1,22.0,0.01924303,1758593285971,true
2179967,114303.2,42.0,0.03674437,1758593286874,false
2179968,114303.2,92.0,0.08048768,1758593286874,false
2179969,114303.2,57.0,0.04986737,1758593286875,false
2179970,114314.7,3.0,0.00262433,1758593286885,false
2179971,114314.6,12.0,0.01049734,1758593292615,true
2179972,114314.6,19.0,0.01662079,1758593292646,true
2179973,114314.6,5.0,0.00437389,1758593292646,true
2179974,114314.6,2.0,0.00174955,1758593292647,true
2179975,114314.6,3.0,0.00262433,1758593292650,true
2179976,114314.6,2.0,0.00174955,1758593292671,true
2179977,114314.6,2.0,0.00174955,1758593292671,true
2179978,114314.6,5.0,0.00437389,1758593292673,true
2179979,114314.6,3.0,0.00262433,1758593292675,true
2179980,114314.6,3.0,0.00262433,1758593292677,true
2179981,114314.6,5.0,0.00437389,1758593292679,true
2179982,114314.6,5.0,0.00437389,1758593292681,true
2179983,114314.6,7.0,0.00612345,1758593292682,true
2179984,114314.6,5.0,0.00437389,1758593292685,true
2179985,114314.6,2.0,0.00174955,1758593292686,true
2179986,114314.6,5.0,0.00437389,1758593292689,true
2179987,114314.6,3.0,0.00262433,1758593292690,true
2179988,114314.6,1.0,8.74778899,1758593292691,true
2179989,114314.6,1.0,8.74778899,1758593292691,true
2179990,114314.6,2.0,0.00174955,1758593292709,true
2179991,114314.6,2.0,0.00174955,1758593292711,true
2179992,114314.6,2.0,0.00174955,1758593292712,true
2179993,114314.6,5.0,0.00437389,1758593292714,true
2179994,114314.6,2.0,0.00174955,1758593292716,true
2179995,114314.6,3.0,0.00262433,1758593292718,true
2179996,114314.6,2.0,0.00174955,1758593292719,true
2179997,114314.6,3.0,0.00262433,1758593292722,true
2179998,114314.6,1.0,8.74778899,1758593292724,true
2179999,114314.6,1.0,8.74778899,1758593292724,true
2180000,114314.6,2.0,0.00174955,1758593292727,true
2180001,114314.6,2.0,0.00174955,1758593292728,true
2180002,114314.6,2.0,0.00174955,1758593292731,true
2180003,114314.6,2.0,0.00174955,1758593292732,true
2180004,114314.6,2.0,0.00174955,1758593292735,true
2180005,114314.6,2.0,0.00174955,1758593292736,true
2180006,114314.6,2.0,0.00174955,1758593292742,true
2180007,114314.6,2.0,0.00174955,1758593292744,true
2180008,114314.6,2.0,0.00174955,1758593292747,true
2180009,114314.6,2.0,0.00174955,1758593292748,true
2180010,114314.6,2.0,0.00174955,1758593292751,true
2180011,114314.6,2.0,0.00174955,1758593292756,true
2180012,114314.6,2.0,0.00174955,1758593292758,true
2180013,114314.6,2.0,0.00174955,1758593292760,true
2180014,114314.6,2.0,0.00174955,1758593292764,true
2180015,114314.6,2.0,0.00174955,1758593292765,true
2180016,114314.6,2.0,0.00174955,1758593292768,true
2180017,114314.6,2.0,0.00174955,1758593292771,true
2180018,114314.6,2.0,0.00174955,1758593292773,true
2180019,114314.6,2.0,0.00174955,1758593292777,true
2180020,114314.6,4.0,0.00349911,1758593292778,true
2180021,114314.6,2.0,0.00174955,1758593292781,true
2180022,114314.6,6.0,0.00524867,1758593292971,true
2180023,114314.6,1.0,8.74778899,1758593292971,true
2180024,114314.6,6.0,0.00524867,1758593292975,true
2180025,114314.6,1.0,8.74778899,1758593292977,true
2180026,114294.1,152.0,0.13299024,1758593296575,true
2180027,114283.4,1.0,8.75017719,1758593305207,false
2180028,114283.4,22.0,0.01925038,1758593323154,false
2180029,114283.4,55.0,0.04812597,1758593323154,false
2180030,114283.4,46.0,0.04025081,1758593323154,false
2180031,114303.7,92.0,0.08048733,1758593327036,false
2180032,114303.7,55.0,0.04811742,1758593327036,false
2180033,114314.5,21.0,0.01837037,1758593327814,true
2180034,114314.5,6.0,0.00524867,1758593328463,true
2180035,114314.5,26.0,0.02274427,1758593328463,true
2180036,114314.5,11.0,0.00962257,1758593328463,true
2180037,114314.5,19.0,0.01662081,1758593328463,true
2180038,114314.5,12.0,0.01049735,1758593328466,true
2180039,114314.5,6.0,0.00524867,1758593328468,true
2180040,114314.5,11.0,0.00962257,1758593328468,true
2180041,114314.5,5.0,0.00437389,1758593328474,true
2180042,114314.5,1.0,8.74779664,1758593328474,true
2180043,114307.5,62.0,0.05423966,1758593367232,false
2180044,114327.4,5.0,0.00437340,1758593368366,true
2180045,114327.4,17.0,0.01486957,1758593368366,true
2180046,114327.4,20.0,0.01749361,1758593368371,true
2180047,114327.4,18.0,0.01574425,1758593368476,true
2180048,114327.4,1.0,8.74680960,1758593368476,true
2180049,114327.4,5.0,0.00437340,1758593368477,true
2180050,114322.0,62.0,0.05423278,1758593381359,false
2180051,114322.0,5.0,0.00437361,1758593381359,false
2180052,114322.0,16.0,0.01399555,1758593381359,false
2180053,114352.0,66.0,0.05771652,1758593391050,false
2180054,114373.7,1.0,8.74326877,1758593400290,false
2180055,114373.7,3.0,0.00262298,1758593400301,false
2180056,114391.6,57.0,0.04982883,1758593406306,false
2180057,114406.8,102.0,0.08915553,1758593406311,false
2180058,114409.7,24.0,0.02097724,1758593406311,false
2180059,114417.1,102.0,0.08914751,1758593406311,false
2180060,114420.6,4.0,0.00349587,1758593406314,false
2180061,114421.2,21.0,0.01835324,1758593406314,false
2180062,114421.2,3.0,0.00262189,1758593406317,false
2180063,114427.4,99.0,0.08651773,1758593406317,false
2180064,114444.2,1.0,8.73788274,1758593407218,false
2180065,114467.1,4.0,0.00349445,1758593427750,true
2180066,114467.1,15.0,0.01310420,1758593427750,true
2180067,114467.1,3.0,0.00262084,1758593427751,true
2180068,114467.1,5.0,0.00436806,1758593427754,true
2180069,114467.2,66.0,0.05765843,1758593434615,false
2180070,114467.2,13.0,0.01135696,1758593434615,false
2180071,114478.0,15.0,0.01310295,1758593440380,true
2180072,114478.0,16.0,0.01397648,1758593440380,true
2180073,114478.0,4.0,0.00349412,1758593440380,true
2180074,114478.0,7.0,0.00611471,1758593440380,true
2180075,114478.0,3.0,0.00262059,1758593440380,true
2180076,114478.0,13.0,0.01135589,1758593440384,true
2180077,114478.0,3.0,0.00262059,1758593440385,true
2180078,114478.0,7.0,0.00611471,1758593440385,true
2180079,114478.0,6.0,0.00524118,1758593440387,true
2180080,114478.0,2.0,0.00174706,1758593440390,true
2180081,114478.0,12.0,0.01048236,1758593440390,true
2180082,114478.0,13.0,0.01135589,1758593440393,true
2180083,114478.0,3.0,0.00262059,1758593440448,true
2180084,114478.0,1.0,8.73530285,1758593440448,true
2180085,114469.5,2.0,0.00174719,1758593440761,true
2180086,114469.5,1.0,8.73595149,1758593440761,true
2180087,114469.5,2.0,0.00174719,1758593440761,true
2180088,114469.5,6.0,0.00524157,1758593440762,true
2180089,114469.5,12.0,0.01048314,1758593440764,true
2180090,114469.5,17.0,0.01485111,1758593440767,true
2180091,114469.5,1.0,8.73595149,1758593440768,true
2180092,114451.5,9.0,0.00786359,1758593450331,true
2180093,114451.5,28.0,0.02446451,1758593450332,true
2180094,114451.5,14.0,0.01223225,1758593450332,true
2180095,114451.5,3.0,0.00262119,1758593450354,true
2180096,114450.8,2.0,0.00174747,1758593450532,true
2180097,114450.8,2.0,0.00174747,1758593450535,true
2180098,114450.8,7.0,0.00611616,1758593450537,true
2180099,114450.8,11.0,0.00961111,1758593450538,true
2180100,114450.8,1.0,8.73737885,1758593450538,true
2180101,114438.7,3.0,0.00262149,1758593452398,false
2180102,114467.2,18.0,0.01572502,1758593462280,false
2180103,114478.1,5.0,0.00436764,1758593518948,false
2180104,114478.1,58.0,0.05066471,1758593518948,false
2180105,114497.4,3.0,0.00262014,1758593519642,true
2180106,114497.4,23.0,0.02008779,1758593519642,true
2180107,114497.4,45.0,0.03930220,1758593519644,true
2180108,114497.4,7.0,0.00611367,1758593519646,true
2180109,114497.4,1.0,8.73382277,1758593519646,true
2180110,114467.1,3.0,0.00262084,1758593541969,true
2180111,114467.1,2.0,0.00174722,1758593541969,true
2180112,114467.1,2.0,0.00174722,1758593541969,true
2180113,114467.1,2.0,0.00174722,1758593541973,true
2180114,114467.1,2.0,0.00174722,1758593541975,true
2180115,114467.1,4.0,0.00349445,1758593541977,true
2180116,114467.1,1.0,8.73613466,1758593541978,true
2180117,114449.8,12.0,0.01048494,1758593559717,true
2180118,114449.8,2.0,0.00174749,1758593559722,true
2180119,114449.8,19.0,0.01660116,1758593571010,true
2180120,114449.8,36.0,0.03145483,1758593571049,true
2180121,114449.8,92.0,0.08038458,1758593571049,true
2180122,114449.8,2.0,0.00174749,1758593571050,true
2180123,114449.8,6.0,0.00524247,1758593571052,true
2180124,114449.8,3.0,0.00262123,1758593571055,true
2180125,114449.8,5.0,0.00436872,1758593571056,true
2180126,114449.8,38.0,0.03320232,1758593571059,true
2180127,114449.8,3.0,0.00262123,1758593571060,true
2180128,114449.8,2.0,0.00174749,1758593571063,true
2180129,114449.8,3.0,0.00262123,1758593571065,true
2180130,114449.8,10.0,0.00873745,1758593571068,true
2180131,114449.8,15.0,0.01310618,1758593571068,true
2180132,114449.8,3.0,0.00262123,1758593571069,true
2180133,114402.6,1.0,8.74106008,1758593707212,false
2180134,114402.6,8.0,0.00699284,1758593707218,false
2180135,114421.1,1.0,8.73964679,1758593711320,true
2180136,114421.1,6.0,0.00524378,1758593711399,true
2180137,114421.1,1.0,8.73964679,1758593711410,true
2180138,114357.9,9.0,0.00787002,1758593727774,false
2180139,114357.9,1.0,8.74447676,1758593727775,false
2180140,114379.2,2.0,0.00174856,1758593738011,true
2180141,114379.2,5.0,0.00437142,1758593738015,true
2180142,114379.2,2.0,0.00174856,1758593738029,true
2180143,114363.7,17.0,0.01486485,1758593742559,true
2180144,114363.7,2.0,0.00174880,1758593742709,true
2180145,114363.7,2.0,0.00174880,1758593742711,true
2180146,114363.7,2.0,0.00174880,1758593742714,true
2180147,114363.7,1.0,8.74403329,1758593742716,true
2180148,114351.3,1.0,8.74498147,1758593744495,true
2180149,114351.3,53.0,0.04634840,1758593744497,true
2180150,114351.3,12.0,0.01049397,1758593744498,true
2180151,114351.3,107.0,0.09357130,1758593744498,true
2180152,114329.0,4.0,0.00349867,1758593834790,false
2180153,114329.0,6.0,0.00524801,1758593834794,false
2180154,114329.0,1.0,8.74668719,1758593834796,false
2180155,114351.9,2.0,0.00174898,1758593853634,true
2180156,114340.9,2.0,0.00174915,1758593853772,true
2180157,114338.5,16.0,0.01399353,1758593853772,true
2180158,114338.5,2.0,0.00174919,1758593853818,true
2180159,114333.5,12.0,0.01049561,1758593866135,true
2180160,114333.5,22.0,0.01924195,1758593866135,true
2180161,114333.5,23.0,0.02011658,1758593866135,true
2180162,114333.5,1.0,8.74634293,1758593866136,true
2180163,114333.5,2.0,0.00174926,1758593866138,true
2180164,114317.7,3.0,0.00262426,1758593880594,true
2180165,114317.7,2.0,0.00174951,1758593880594,true
2180166,114317.7,7.0,0.00612328,1758593880597,true
2180167,114317.7,1.0,8.74755177,1758593880600,true
2180168,114317.1,3.0,0.00262427,1758593880603,true
2180169,114298.2,3.0,0.00262471,1758593883567,false
2180170,114278.0,1.0,8.75059066,1758593965264,false
2180171,114278.0,4.0,0.00350023,1758593965280,false
2180172,114308.3,5.0,0.00437413,1758593976229,true
2180173,114308.3,52.0,0.04549100,1758593976229,true
2180174,114308.4,4.0,0.00349930,1758593982848,false
2180175,114341.6,4.0,0.00349828,1758594007656,false
2180176,114361.3,4.0,0.00349768,1758594011999,true
2180177,114361.3,13.0,0.01136748,1758594011999,true
2180178,114361.3,2.0,0.00174884,1758594011999,true
2180179,114361.3,1.0,8.74421679,1758594012003,true
2180180,114348.6,4.0,0.00349807,1758594034645,true
2180181,114348.6,14.0,0.01224326,1758594034645,true
2180182,114348.6,92.0,0.08045572,1758594034645,true
2180183,114348.6,1.0,8.74518796,1758594034645,true
2180184,114348.6,104.0,0.09094995,1758594034645,true
2180185,114348.6,3.0,0.00262355,1758594034645,true
2180186,114347.6,107.0,0.09357432,1758594034646,true
2180187,114347.5,200.0,0.17490544,1758594034646,true
2180188,114343.0,108.0,0.09445265,1758594034646,true
2180189,114340.6,1.0,8.74579982,1758594034646,true
2180190,114339.8,14.0,0.01224420,1758594034650,true
2180191,114338.5,2.0,0.00174919,1758594034650,true
2180192,114337.1,24.0,0.02099056,1758594034650,true
2180193,114317.6,1.0,8.74755943,1758594034657,true
2180194,114308.1,31.0,0.02711968,1758594034657,true
2180195,114306.1,1.0,8.74843949,1758594034657,true
2180196,114305.7,1.0,8.74847011,1758594034721,true
2180197,114303.8,1.0,8.74861553,1758594036597,true
2180198,114303.8,92.0,0.08048726,1758594036597,true
2180199,114303.8,24.0,0.02099667,1758594036597,true
2180200,114303.4,107.0,0.09361051,1758594036597,true
2180201,114302.2,200.0,0.17497475,1758594036597,true
2180202,114296.6,108.0,0.09449099,1758594036597,true
2180203,114290.6,24.0,0.02099910,1758594036599,true
2180204,114256.9,5.0,0.00437610,1758594038992,false
2180205,114256.9,16.0,0.01400353,1758594038993,false
2180206,114256.9,5.0,0.00437610,1758594038997,false
2180207,114256.9,3.0,0.00262566,1758594039002,false
2180208,114256.9,2.0,0.00175044,1758594039006,false
2180209,114256.9,5.0,0.00437610,1758594039016,false
2180210,114256.9,9.0,0.00787698,1758594039346,false
2180211,114256.9,4.0,0.00350088,1758594039346,false
2180212,114256.9,6.0,0.00525132,1758594039347,false
2180213,114256.9,10.0,0.00875220,1758594039348,false
2180214,114256.9,1.0,8.75220665,1758594039348,false
2180215,114256.9,5.0,0.00437610,1758594039348,false
2180216,114261.9,5.0,0.00437591,1758594043317,true
2180217,114245.4,5.0,0.00437654,1758594059153,true
2180218,114245.4,57.0,0.04989259,1758594059153,true
2180219,114245.4,92.0,0.08052840,1758594059153,true
2180220,114243.6,107.0,0.09365951,1758594059153,true
2180221,114214.4,3.0,0.00262663,1758594059906,false
2180222,114236.8,3.0,0.00262612,1758594060809,true
2180223,114222.2,3.0,0.00262645,1758594067869,false
2180224,114222.2,2.0,0.00175097,1758594067869,false
2180225,114222.2,6.0,0.00525291,1758594067870,false
2180226,114222.2,1.0,8.75486551,1758594067872,false
2180227,114237.1,3.0,0.00262611,1758594068962,true
2180228,114214.3,5.0,0.00437773,1758594070517,true
2180229,114214.3,92.0,0.08055033,1758594070517,true
2180230,114214.3,15.0,0.01313320,1758594070517,true
2180231,114214.3,107.0,0.09368354,1758594070517,true
2180232,114213.9,43.0,0.03764865,1758594070517,true
2180233,114213.8,200.0,0.17511018,1758594070517,true
2180234,114210.6,24.0,0.02101381,1758594070517,true
2180235,114169.3,1.0,8.75892205,1758594071289,true
2180236,114152.9,2.0,0.00175203,1758594084044,false
2180237,114152.9,1.0,8.76018042,1758594084046,false
2180238,114152.9,2.0,0.00175203,1758594084046,false
2180239,114152.9,3.0,0.00262805,1758594084048,false
2180240,114152.9,2.0,0.00175203,1758594084051,false
2180241,114152.9,2.0,0.00175203,1758594084055,false
2180242,114152.9,2.0,0.00175203,1758594084056,false
2180243,114152.9,3.0,0.00262805,1758594084058,false
2180244,114152.9,2.0,0.00175203,1758594084060,false
2180245,114152.9,2.0,0.00175203,1758594084062,false
2180246,114152.9,2.0,0.00175203,1758594084063,false
2180247,114152.9,2.0,0.00175203,1758594084065,false
2180248,114152.9,2.0,0.00175203,1758594084066,false
2180249,114152.9,2.0,0.00175203,1758594084068,false
2180250,114152.9,2.0,0.00175203,1758594084070,false
2180251,114152.9,2.0,0.00175203,1758594084072,false
2180252,114152.9,2.0,0.00175203,1758594084082,false
2180253,114152.9,2.0,0.00175203,1758594084086,false
2180254,114152.9,2.0,0.00175203,1758594084086,false
2180255,114152.9,2.0,0.00175203,1758594084089,false
2180256,114152.9,2.0,0.00175203,1758594084091,false
2180257,114152.9,2.0,0.00175203,1758594084092,false
2180258,114152.9,2.0,0.00175203,1758594084095,false
2180259,114152.9,14.0,0.01226425,1758594084095,false
2180260,114152.9,1.0,8.76018042,1758594084095,false
2180261,114152.9,2.0,0.00175203,1758594084097,false
2180262,114152.9,19.0,0.01664434,1758594084097,false
2180263,114152.9,4.0,0.00350407,1758594084097,false
2180264,114152.9,1.0,8.76018042,1758594084102,false
2180265,114152.9,1.0,8.76018042,1758594084104,false
2180266,114152.9,2.0,0.00175203,1758594084104,false
2180267,114152.9,3.0,0.00262805,1758594084106,false
2180268,114152.9,2.0,0.00175203,1758594084109,false
2180269,114152.9,2.0,0.00175203,1758594084128,false
2180270,114152.9,5.0,0.00438009,1758594084131,false
2180271,114152.9,1.0,8.76018042,1758594084138,false
2180272,114152.9,4.0,0.00350407,1758594084145,false
2180273,114157.9,4.0,0.00350391,1758594098012,false
2180274,114157.9,8.0,0.00700783,1758594098012,false
2180275,114157.9,10.0,0.00875979,1758594098021,false
2180276,114157.9,1.0,8.75979673,1758594098447,false
2180277,114179.5,1.0,8.75813959,1758594117417,false
2180278,114179.5,1.0,8.75813959,1758594117460,false
2180279,114191.1,4.0,0.00350289,1758594118550,true
2180280,114191.1,1.0,8.75724990,1758594118554,true
2180281,114161.1,5.0,0.00437977,1758594188685,true
2180282,114150.1,6.0,0.00525623,1758594194862,false
2180283,114150.1,10.0,0.00876039,1758594194862,false
2180284,114150.1,7.0,0.00613227,1758594194862,false
2180285,114150.1,10.0,0.00876039,1758594194865,false
2180286,114150.1,22.0,0.01927286,1758594194908,false
2180287,114150.1,4.0,0.00350415,1758594194909,false
2180288,114150.1,2.0,0.00175207,1758594194946,false
2180289,114154.7,2.0,0.00175200,1758594195046,false
2180290,114179.4,6.0,0.00525488,1758594203121,true
2180291,114161.8,55.0,0.04817723,1758594211657,true
2180292,114161.8,1.0,8.75949748,1758594211657,true
2180293,114158.7,6.0,0.00525584,1758594211657,true
2180294,114150.0,20.0,0.01752080,1758594211657,true
2180295,114150.1,6.0,0.00525623,1758594239379,false
2180296,114151.2,57.0,0.04993377,1758594239379,false
2180297,114167.5,10.0,0.00875906,1758594261516,true
2180298,114167.5,1.0,8.75906015,1758594261517,true
2180299,114150.0,3.0,0.00262812,1758594273817,true
2180300,114150.0,1.0,8.76040297,1758594294006,true
2180301,114141.3,186.0,0.16295591,1758594297014,true
2180302,114141.3,57.0,0.04993810,1758594297014,true
2180303,114141.0,1.0,8.76109373,1758594297014,true
2180304,114116.1,7.0,0.00613410,1758594315534,false
2180305,114116.1,1.0,8.76300539,1758594315534,false
2180306,114131.7,1.0,8.76180763,1758594317260,true
2180307,114116.7,1.0,8.76295932,1758594329630,false
2180308,114116.7,2.0,0.00175259,1758594329686,false
2180309,114116.7,1.0,8.76295932,1758594329690,false
2180310,114116.7,1.0,8.76295932,1758594329698,false
2180311,114139.6,5.0,0.00438060,1758594330208,true
2180312,114139.6,5.0,0.00438060,1758594335755,true
2180313,114116.0,9.0,0.00788671,1758594341921,true
2180314,114100.7,3.0,0.00262925,1758594342278,true
2180315,114100.7,1.0,8.76418812,1758594369479,true
2180316,114100.7,1.0,8.76418812,1758594383133,true
2180317,114100.7,5.0,0.00438209,1758594383133,true
2180318,114100.7,1.0,8.76418812,1758594383136,true
2180319,114086.0,3.0,0.00262959,1758594411182,false
2180320,114086.0,2.0,0.00175306,1758594411183,false
2180321,114086.0,1.0,8.76531739,1758594411183,false
2180322,114086.0,6.0,0.00525919,1758594411184,false
2180323,114077.4,6.0,0.00525958,1758594440590,true
2180324,114076.1,19.0,0.01665554,1758594440590,true
2180325,114076.1,1.0,8.76607808,1758594440592,true
2180326,114065.8,6.0,0.00526012,1758594454330,false
2180327,114065.8,4.0,0.00350674,1758594454330,false
2180328,114065.8,7.0,0.00613680,1758594454330,false
2180329,114065.8,13.0,0.01139693,1758594454330,false
2180330,114065.8,23.0,0.02016380,1758594454330,false
2180331,114065.8,2.0,0.00175337,1758594454332,false
2180332,114065.8,6.0,0.00526012,1758594454334,false
2180333,114065.8,11.0,0.00964355,1758594454337,false
2180334,114065.8,7.0,0.00613680,1758594454343,false
2180335,114065.8,6.0,0.00526012,1758594454345,false
2180336,114077.2,6.0,0.00525959,1758594474230,true
2180337,114077.2,61.0,0.05347256,1758594474230,true
2180338,114057.0,1.0,8.76754605,1758594503604,false
2180339,114045.5,20.0,0.01753686,1758594509698,true
2180340,114045.5,60.0,0.05261058,1758594509698,true
2180341,114045.5,57.0,0.04998005,1758594509698,true
2180342,114045.4,18.0,0.01578318,1758594509698,true
2180343,114044.3,17.0,0.01490648,1758594509698,true
2180344,114044.2,20.0,0.01753706,1758594509698,true
2180345,114043.3,19.0,0.01666033,1758594509698,true
2180346,114032.7,5.0,0.00438470,1758594527203,false
2180347,114032.7,4.0,0.00350776,1758594527203,false
2180348,114032.7,41.0,0.03595459,1758594527204,false
2180349,114032.7,9.0,0.00789247,1758594527206,false
2180350,114032.7,7.0,0.00613859,1758594527248,false
2180351,114050.0,7.0,0.00613765,1758594556308,true
2180352,114050.0,62.0,0.05436212,1758594556308,true
2180353,114030.1,2.0,0.00175392,1758594573811,true
2180354,114030.2,55.0,0.04823283,1758594585539,false
2180355,114030.2,6.0,0.00526176,1758594585539,false
2180356,114030.2,1.0,8.76960664,1758594585539,false
2180357,114031.9,1.0,8.76947590,1758594603257,false
2180358,114031.9,2.0,0.00175389,1758594603261,false
2180359,114040.6,1.0,8.76880689,1758594603490,false
2180360,114041.7,1.0,8.76872231,1758594603500,false
2180361,114064.7,6.0,0.00526017,1758594604075,false
2180362,114064.7,17.0,0.01490382,1758594604075,false
2180363,114064.7,1.0,8.76695419,1758594604075,false
2180364,114087.9,16.0,0.01402427,1758594604657,false
2180365,114099.1,6.0,0.00525858,1758594610483,true
2180366,114070.7,3.0,0.00262994,1758594614243,false
2180367,114070.7,3.0,0.00262994,1758594614283,false
2180368,114070.7,9.0,0.00788984,1758594614283,false
2180369,114070.7,6.0,0.00525989,1758594614285,false
2180370,114099.1,5.0,0.00438215,1758594632018,true
2180371,114099.1,1.0,8.76431102,1758594632018,true
2180372,114099.1,7.0,0.00613501,1758594632019,true
2180373,114099.1,7.0,0.00613501,1758594632019,true
2180374,114099.1,6.0,0.00525858,1758594632021,true
2180375,114099.1,7.0,0.00613501,1758594632021,true
2180376,114099.1,7.0,0.00613501,1758594632021,true
2180377,114099.1,7.0,0.00613501,1758594632022,true
2180378,114099.1,3.0,0.00262929,1758594632022,true
2180379,114099.1,4.0,0.00350572,1758594632023,true
2180380,114099.1,7.0,0.00613501,1758594632023,true
2180381,114099.1,6.0,0.00525858,1758594632028,true
2180382,114099.1,6.0,0.00525858,1758594632028,true
2180383,114099.1,6.0,0.00525858,1758594632028,true
2180384,114099.1,181.0,0.15863402,1758594632028,true
2180385,114099.1,7.0,0.00613501,1758594632030,true
2180386,114099.1,7.0,0.00613501,1758594632030,true
2180387,114099.1,5.0,0.00438215,1758594632030,true
2180388,114099.1,6.0,0.00525858,1758594632032,true
2180389,114099.1,6.0,0.00525858,1758594632032,true
2180390,114099.1,6.0,0.00525858,1758594632032,true
2180391,114099.1,1.0,8.76431102,1758594632034,true
2180392,114099.1,18.0,0.01577575,1758594632035,true
2180393,114099.1,1.0,8.76431102,1758594632035,true
2180394,114099.1,26.0,0.02278720,1758594632038,true
2180395,114099.1,2.0,0.00175286,1758594632047,true
2180396,114099.1,2.0,0.00175286,1758594632048,true
2180397,114099.1,3.0,0.00262929,1758594632052,true
2180398,114099.1,2.0,0.00175286,1758594632052,true
2180399,114099.1,3.0,0.00262929,1758594632057,true
2180400,114099.1,2.0,0.00175286,1758594632062,true
2180401,114099.1,17.0,0.01489932,1758594632066,true
2180402,114099.1,2.0,0.00175286,1758594632075,true
2180403,114099.1,2.0,0.00175286,1758594632079,true
2180404,114099.1,2.0,0.00175286,1758594632108,true
2180405,114099.1,52.0,0.04557441,1758594632108,true
2180406,114099.1,5.0,0.00438215,1758594632111,true
2180407,114099.1,10.0,0.00876431,1758594632113,true
2180408,114099.1,2.0,0.00175286,1758594632113,true
2180409,114099.1,24.0,0.02103434,1758594632114,true
2180410,114099.1,25.0,0.02191077,1758594632114,true
2180411,114099.1,5.0,0.00438215,1758594632115,true
2180412,114099.1,3.0,0.00262929,1758594632118,true
2180413,114099.1,9.0,0.00788787,1758594632118,true
2180414,114099.1,5.0,0.00438215,1758594632123,true
2180415,114099.1,2.0,0.00175286,1758594632126,true
2180416,114099.1,2.0,0.00175286,1758594632131,true
2180417,114099.1,2.0,0.00175286,1758594632133,true
2180418,114099.1,2.0,0.00175286,1758594632136,true
2180419,114099.1,2.0,0.00175286,1758594632139,true
2180420,114099.1,2.0,0.00175286,1758594632143,true
2180421,114099.1,2.0,0.00175286,1758594632144,true
2180422,114099.1,2.0,0.00175286,1758594632149,true
2180423,114099.1,1.0,8.76431102,1758594632168,true
2180424,114099.1,138.0,0.12094749,1758594632168,true
2180425,114099.1,5.0,0.00438215,1758594632169,true
2180426,114099.1,2.0,0.00175286,1758594632170,true
2180427,114099.1,41.0,0.03593367,1758594632172,true
2180428,114099.1,1.0,8.76431102,1758594632174,true
2180429,114099.1,80.0,0.07011448,1758594632205,true
2180430,114099.1,2.0,0.00175286,1758594632228,true
2180431,114099.1,9.0,0.00788787,1758594632229,true
2180432,114099.1,3.0,0.00262929,1758594632240,true
2180433,114099.1,4.0,0.00350572,1758594632259,true
2180434,114099.1,1.0,8.76431102,1758594632275,true
2180435,114099.1,90.0,0.07887879,1758594632305,true
2180436,114099.1,2.0,0.00175286,1758594632372,true
2180437,114099.1,24.0,0.02103434,1758594632378,true
2180438,114099.1,22.0,0.01928148,1758594632386,true
2180439,114099.1,2.0,0.00175286,1758594632390,true
2180440,114099.1,2.0,0.00175286,1758594632403,true
2180441,114099.1,88.0,0.07712593,1758594632421,true
2180442,114099.1,23.0,0.02015791,1758594632490,true
2180443,114099.1,30.0,0.02629293,1758594632490,true
2180444,114099.1,27.0,0.02366363,1758594632491,true
2180445,114099.1,23.0,0.02015791,1758594632493,true
2180446,114099.1,13.0,0.01139360,1758594632494,true
2180447,114099.1,1.0,8.76431102,1758594632495,true
2180448,114099.1,1.0,8.76431102,1758594632495,true
2180449,114099.1,2.0,0.00175286,1758594632496,true
2180450,114099.1,377.0,0.33041452,1758594632496,true
2180451,114099.1,4.0,0.00350572,1758594632496,true
2180452,114064.9,6.0,0.00526016,1758594632641,true
2180453,114060.2,37.0,0.03243901,1758594632647,true
2180454,114054.4,5.0,0.00438387,1758594632647,true
2180455,114054.5,1.0,8.76773823,1758594641245,false
2180456,114054.5,47.0,0.04120836,1758594668868,false
2180457,114054.5,4.0,0.00350709,1758594668868,false
2180458,114054.5,7.0,0.00613741,1758594668868,false
2180459,114054.5,23.0,0.02016579,1758594668884,false
2180460,114054.5,11.0,0.00964451,1758594668884,false
2180461,114054.5,23.0,0.02016579,1758594668884,false
2180462,114054.5,15.0,0.01315160,1758594668885,false
2180463,114054.5,1.0,8.76773823,1758594668885,false
2180464,114054.5,26.0,0.02279611,1758594668888,false
2180465,114054.5,2.0,0.00175354,1758594668892,false
2180466,114054.5,1.0,8.76773823,1758594668892,false
2180467,114054.5,2.0,0.00175354,1758594668892,false
2180468,114100.1,2.0,0.00175284,1758594714612,false
2180469,114105.8,2.0,0.00175275,1758594720961,true
2180470,114093.9,2.0,0.00175294,1758594728438,true
2180471,114037.0,2.0,0.00175381,1758594758990,false
2180472,114037.0,75.0,0.06576812,1758594758990,false
2180473,114037.0,22.0,0.01929198,1758594758990,false
2180474,114037.0,15.0,0.01315362,1758594758990,false
2180475,114037.0,2.0,0.00175381,1758594765336,false
2180476,114038.4,2.0,0.00175379,1758594765346,false
2180477,114053.1,2.0,0.00175356,1758594765906,true
2180478,114053.1,54.0,0.04734636,1758594765906,true
2180479,114041.7,6.0,0.00526123,1758594780307,false
2180480,114041.7,5.0,0.00438436,1758594780309,false
2180481,114041.7,1.0,8.76872231,1758594780309,false
2180482,114057.2,1.0,8.76753067,1758594799307,true
2180483,114057.2,1.0,8.76753067,1758594799327,true
2180484,114029.7,2.0,0.00175392,1758594802054,false
2180485,114032.5,108.0,0.09470984,1758594802058,false
2180486,114041.6,65.0,0.05699674,1758594820082,false
2180487,114041.6,17.0,0.01490684,1758594820082,false
2180488,114041.6,22.0,0.01929120,1758594820082,false
2180489,114041.6,10.0,0.00876873,1758594820082,false
2180490,114041.6,1.0,8.76873000,1758594831327,false
2180491,114053.1,4.0,0.00350713,1758594851966,true
2180492,114024.3,4.0,0.00350802,1758594858558,false
2180493,114024.3,16.0,0.01403209,1758594858558,false
2180494,114026.1,1.0,8.76992197,1758594858562,false
2180495,114037.1,5.0,0.00438453,1758594877029,false
2180496,114037.1,1.0,8.76907602,1758594877029,false
2180497,114053.2,33.0,0.02893386,1758594884663,false
2180498,114053.2,10.0,0.00876783,1758594884663,false
2180499,114053.2,25.0,0.02191959,1758594884663,false
2180500,114054.5,125.0,0.10959672,1758594884663,false
2180501,114054.6,2.0,0.00175354,1758594884670,false
2180502,114087.5,5.0,0.00438260,1758594888420,true
2180503,114065.5,2.0,0.00175337,1758594890927,false
2180504,114070.3,2.0,0.00175330,1758594900515,false
2180505,114070.3,1.0,8.76652380,1758594900579,false
2180506,114133.6,4.0,0.00350466,1758594976169,true
2180507,114076.7,3.0,0.00262980,1758595002235,false
2180508,114076.7,1.0,8.76603197,1758595002241,false
2180509,114118.1,4.0,0.00350514,1758595050588,true
2180510,114118.1,9.0,0.00788656,1758595050588,true
2180511,114118.1,18.0,0.01577313,1758595050588,true
2180512,114087.6,17.0,0.01490083,1758595050739,true
2180513,114087.6,18.0,0.01577735,1758595050743,true
2180514,114087.6,13.0,0.01139475,1758595050743,true
2180515,114057.5,3.0,0.00263025,1758595072196,false
2180516,114057.5,3.0,0.00263025,1758595072196,false
2180517,114057.5,3.0,0.00263025,1758595072196,false
2180518,114057.5,5.0,0.00438375,1758595072197,false
2180519,114057.5,12.0,0.01052100,1758595072202,false
2180520,114057.5,4.0,0.00350700,1758595072202,false
2180521,114057.5,21.0,0.01841176,1758595072204,false
2180522,114057.5,1.0,8.76750761,1758595072204,false
2180523,114057.5,3.0,0.00263025,1758595072204,false
2180524,114094.3,3.0,0.00262940,1758595080464,true
2180525,114072.1,2.0,0.00175327,1758595107125,false
2180526,114074.1,1.0,8.76623177,1758595146755,false
2180527,114088.3,3.0,0.00262954,1758595161828,true
2180528,114067.5,2.0,0.00175334,1758595216241,false
2180529,114067.5,1.0,8.76673899,1758595216244,false
2180530,114087.6,1.0,8.76519446,1758595233504,true
2180531,114087.6,3.0,0.00262955,1758595233519,true
2180532,114048.6,69.0,0.06050052,1758595256923,false
2180533,114048.6,4.0,0.00350727,1758595256923,false
2180534,114048.6,27.0,0.02367411,1758595256923,false
2180535,114048.6,1.0,8.76819180,1758595279169,false
2180536,114048.6,2.0,0.00175363,1758595279172,false
2180537,114076.1,3.0,0.00262982,1758595337727,true
2180538,114059.8,69.0,0.06049458,1758595384910,false
2180539,114059.8,25.0,0.02191832,1758595384910,false
2180540,114059.8,37.0,0.03243912,1758595384910,false
2180541,114059.8,4.0,0.00350693,1758595384910,false
2180542,114059.7,3.0,0.00263020,1758595388047,true
2180543,114035.9,3.0,0.00263075,1758595443214,false
2180544,114053.1,8.0,0.00701427,1758595472828,true
2180545,114053.1,31.0,0.02718032,1758595472828,true
2180546,114053.1,8.0,0.00701427,1758595479428,true
2180547,114052.4,2.0,0.00175357,1758595479726,true
2180548,114052.4,2.0,0.00175357,1758595479728,true
2180549,114052.4,2.0,0.00175357,1758595479730,true
2180550,114052.4,2.0,0.00175357,1758595479732,true
2180551,114052.4,2.0,0.00175357,1758595479734,true
2180552,114028.1,8.0,0.00701581,1758595504443,false
2180553,114028.1,1.0,8.76976815,1758595504443,false
2180554,114037.1,3.0,0.00263072,1758595545886,false
2180555,114037.1,37.0,0.03244558,1758595545886,false
2180556,114037.1,8.0,0.00701526,1758595545886,false
2180557,114037.1,14.0,0.01227670,1758595545886,false
2180558,114037.0,57.0,0.04998377,1758595554384,true
2180559,114028.1,4.0,0.00350790,1758595571557,false
2180560,114028.1,6.0,0.00526186,1758595571557,false
2180561,114028.1,1.0,8.76976815,1758595618177,false
2180562,114028.1,4.0,0.00350790,1758595644805,false
2180563,114047.4,5.0,0.00438414,1758595753260,true
2180564,114047.4,64.0,0.05611701,1758595753261,true
2180565,114028.1,16.0,0.01403162,1758595753263,true
2180566,114028.0,100.0,0.08769775,1758595753264,true
2180567,114017.7,1.0,8.77056807,1758595753289,true
2180568,114011.0,4.0,0.00350843,1758595764563,true
2180569,114011.0,1.0,8.77108349,1758595764563,true
2180570,114011.0,4.0,0.00350843,1758595764565,true
2180571,114011.0,3.0,0.00263132,1758595764566,true
2180572,114011.0,4.0,0.00350843,1758595764618,true
2180573,114011.0,4.0,0.00350843,1758595764618,true
2180574,114011.0,2.0,0.00175421,1758595764618,true
2180575,114011.0,2.0,0.00175421,1758595764623,true
2180576,114011.0,3.0,0.00263132,1758595764623,true
2180577,114011.0,3.0,0.00263132,1758595764623,true
2180578,114011.0,3.0,0.00263132,1758595764628,true
2180579,114011.0,3.0,0.00263132,1758595764628,true
2180580,114011.0,1.0,8.77108349,1758595764628,true
2180581,114011.0,4.0,0.00350843,1758595764629,true
2180582,114011.0,4.0,0.00350843,1758595764630,true
2180583,114011.0,4.0,0.00350843,1758595764630,true
2180584,114011.0,1.0,8.77108349,1758595764633,true
2180585,114011.0,2.0,0.00175421,1758595764633,true
2180586,114011.0,3.0,0.00263132,1758595764633,true
2180587,114011.0,3.0,0.00263132,1758595764633,true
2180588,114011.0,3.0,0.00263132,1758595764637,true
2180589,114011.0,1.0,8.77108349,1758595764637,true
2180590,114011.0,3.0,0.00263132,1758595764637,true
2180591,114011.0,1.0,8.77108349,1758595764639,true
2180592,114011.0,4.0,0.00350843,1758595764641,true
2180593,114011.0,4.0,0.00350843,1758595764641,true
2180594,114011.0,4.0,0.00350843,1758595764641,true
2180595,114011.0,3.0,0.00263132,1758595764645,true
2180596,114011.0,1.0,8.77108349,1758595764645,true
2180597,114011.0,3.0,0.00263132,1758595764645,true
2180598,114011.0,1.0,8.77108349,1758595764650,true
2180599,114011.0,1.0,8.77108349,1758595764650,true
2180600,114011.0,1.0,8.77108349,1758595764650,true
2180601,114011.0,1.0,8.77108349,1758595764770,true
2180602,114001.9,4.0,0.00350871,1758595765351,true
2180603,114001.9,65.0,0.05701659,1758595765351,true
2180604,114001.9,69.0,0.06052530,1758595765351,true
2180605,114001.6,586.0,0.51402787,1758595779981,true
2180606,114001.6,2.0,0.00175436,1758595780034,true
2180607,114001.6,2.0,0.00175436,1758595780034,true
2180608,114001.6,2.0,0.00175436,1758595780034,true
2180609,114001.6,3.0,0.00263154,1758595780039,true
2180610,114001.6,3.0,0.00263154,1758595780040,true
2180611,114001.6,3.0,0.00263154,1758595780040,true
2180612,114001.6,5.0,0.00438590,1758595780042,true
2180613,114001.6,5.0,0.00438590,1758595780042,true
2180614,114001.6,4.0,0.00350872,1758595780043,true
2180615,114001.6,2.0,0.00175436,1758595780044,true
2180616,114001.6,3.0,0.00263154,1758595780044,true
2180617,114001.6,3.0,0.00263154,1758595780045,true
2180618,114001.6,1.0,8.77180671,1758595780047,true
2180619,114001.6,1.0,8.77180671,1758595780047,true
2180620,114001.6,1.0,8.77180671,1758595780049,true
2180621,114001.6,1.0,8.77180671,1758595780049,true
2180622,114001.6,98.0,0.08596370,1758595780062,true
2180623,114001.6,20.0,0.01754361,1758595780083,true
2180624,114001.6,90.0,0.07894626,1758595780094,true
2180625,114001.6,289.0,0.25350521,1758595780095,true
2180626,114001.6,25.0,0.02192951,1758595780098,true
2180627,114001.6,24.0,0.02105233,1758595780101,true
2180628,114001.6,1.0,8.77180671,1758595780104,true
2180629,114001.6,119.0,0.10438449,1758595780104,true
2180630,114001.6,9.0,0.00789462,1758595780108,true
2180631,114001.6,1.0,8.77180671,1758595780108,true
2180632,114001.6,24.0,0.02105233,1758595780108,true
2180633,114001.6,24.0,0.02105233,1758595780110,true
2180634,114001.6,27.0,0.02368387,1758595780111,true
2180635,114001.6,25.0,0.02192951,1758595780112,true
2180636,114001.6,25.0,0.02192951,1758595780114,true
2180637,114001.6,24.0,0.02105233,1758595780116,true
2180638,114001.6,25.0,0.02192951,1758595780118,true
2180639,114001.6,8.0,0.00701744,1758595780122,true
2180640,114001.6,65.0,0.05701674,1758595780122,true
2180641,114001.6,49.0,0.04298185,1758595780123,true
2180642,114001.6,25.0,0.02192951,1758595780124,true
2180643,114001.6,25.0,0.02192951,1758595780126,true
2180644,114001.6,24.0,0.02105233,1758595780129,true
2180645,114001.6,139.0,0.12192811,1758595780130,true
2180646,114001.6,1.0,8.77180671,1758595780131,true
2180647,114000.0,7.0,0.00614035,1758595780133,true
2180648,114000.0,16.0,0.01403508,1758595780133,true
2180649,114000.0,1.0,8.77192982,1758595780133,true
2180650,114000.0,1.0,8.77192982,1758595780133,true
2180651,114000.0,23.0,0.02017543,1758595780134,true
2180652,114000.0,25.0,0.02192982,1758595780135,true
2180653,114000.0,1.0,8.77192982,1758595780334,true
2180654,114000.0,21.0,0.01842105,1758595780367,true
2180655,114000.0,76.0,0.06666666,1758595780367,true
2180656,114000.0,77.0,0.06754385,1758595780382,true
2180657,114000.0,47.0,0.04122807,1758595780549,true
2180658,114000.0,5.0,0.00438596,1758595780549,true
2180659,113985.1,1.0,8.77307648,1758595801315,false
2180660,113985.1,1.0,8.77307648,1758595801390,false
2180661,113985.1,1.0,8.77307648,1758595802204,false
2180662,113985.1,1.0,8.77307648,1758595804181,false
2180663,113985.1,2.0,0.00175461,1758595810864,false
2180664,114006.6,3.0,0.00263142,1758595817897,false
2180665,114006.6,12.0,0.01052570,1758595817897,false
2180666,114006.5,2.0,0.00175428,1758595847008,true
2180667,114006.5,2.0,0.00175428,1758595847010,true
2180668,113985.1,4.0,0.00350923,1758595899367,false
2180669,113985.1,1.0,8.77307648,1758595899367,false
2180670,113990.5,108.0,0.09474473,1758595899381,false
2180671,114005.8,4.0,0.00350859,1758595952526,true
2180672,114005.8,19.0,0.01666581,1758595952526,true
2180673,114005.8,29.0,0.02543730,1758595984251,true
2180674,114005.8,10.0,0.00877148,1758596000605,true
2180675,114005.8,4.0,0.00350859,1758596000605,true
2180676,113990.5,1.0,8.77266087,1758596025838,true
2180677,113990.5,83.0,0.07281308,1758596039551,true
2180678,113990.5,90.0,0.07895394,1758596040243,true
2180679,113990.5,383.0,0.33599291,1758596040745,true
2180680,113990.5,532.0,0.46670555,1758596041115,true
2180681,113990.5,1.0,8.77266087,1758596041140,true
2180682,113990.5,2.0,0.00175453,1758596041152,true
2180683,113990.5,2.0,0.00175453,1758596041152,true
