id,price,qty,base_qty,time,is_buyer_maker
1826368,4273.31,122.0,0.28549297,1758585603683,false
1826369,4273.56,8.0,0.01871975,1758585603683,false
1826370,4273.3,26.0,0.06084290,1758585603767,true
1826371,4273.3,26.0,0.06084290,1758585603785,true
1826372,4273.51,130.0,0.30419959,1758585603829,false
1826373,4273.51,132.0,0.30887958,1758585603829,false
1826374,4273.52,13.0,0.03041988,1758585603829,false
1826375,4273.3,63.0,0.14742704,1758585603910,true
1826376,4273.3,22.0,0.05148246,1758585603910,true
1826377,4273.3,85.0,0.19890950,1758585603929,true
1826378,4273.51,67.0,0.15677978,1758585604295,false
1826379,4273.51,63.0,0.14741980,1758585604304,false
1826380,4273.51,138.0,0.32291956,1758585604304,false
1826381,4273.52,56.0,0.13103951,1758585604304,false
1826382,4273.3,13.0,0.03042145,1758585604373,true
1826383,4273.3,13.0,0.03042145,1758585604391,true
1826384,4273.3,38.0,0.08892425,1758585604391,true
1826385,4273.3,13.0,0.03042145,1758585604393,true
1826386,4273.3,1.0,0.00234011,1758585604413,true
1826387,4273.3,6.0,0.01404067,1758585604413,true
1826388,4273.3,1.0,0.00234011,1758585604413,true
1826389,4273.3,43.0,0.10062480,1758585604413,true
1826390,4273.3,78.0,0.18252872,1758585605228,true
1826391,4273.3,117.0,0.27379308,1758585605228,true
1826392,4273.3,131.0,0.30655465,1758585605228,true
1826393,4273.3,14.0,0.03276156,1758585605228,true
1826394,4273.3,9.0,0.02106100,1758585605228,true
1826395,4271.26,1.0,0.00234122,1758585647494,true
1826396,4271.24,500.0,1.17062024,1758585647494,true
1826397,4270.77,1.0,0.00234149,1758585647494,true
1826398,4270.74,1633.0,3.82369331,1758585647494,true
1826399,4271.27,1.0,0.00234122,1758585647504,false
1826400,4271.27,122.0,0.28562933,1758585647504,false
1826401,4271.27,28.0,0.06555427,1758585647504,false
1826402,4270.04,1.0,0.00234189,1758585657325,true
1826403,4269.93,1.0,0.00234195,1758585657325,true
1826404,4274.51,3.0,0.00701834,1758585689042,false
1826405,4275.58,475.0,1.11096038,1758585697003,true
1826406,4275.0,131.0,0.30643274,1758585699653,true
1826407,4275.0,1.0,0.00233918,1758585699653,true
1826408,4277.99,1.0,0.00233754,1758585712926,false
1826409,4278.4,1.0,0.00233732,1758585726629,false
1826410,4279.91,115.0,0.26869723,1758585733481,false
1826411,4280.83,3.0,0.00700798,1758585769044,false
1826412,4277.38,136.0,0.31795164,1758586012134,true
1826413,4277.38,134.0,0.31327588,1758586012134,true
1826414,4277.38,4.0,0.00935151,1758586012134,true
1826415,4278.49,500.0,1.16863659,1758586040129,true
1826416,4274.86,3.0,0.00701777,1758586067171,true
1826417,4273.53,500.0,1.16999295,1758586077535,true
1826418,4273.67,305.0,0.71367232,1758586085579,true
1826419,4273.67,195.0,0.45628230,1758586085579,true
1826420,4270.83,1.0,0.00234146,1758586101865,false
1826421,4270.83,63.0,0.14751231,1758586101865,false
1826422,4270.68,33.0,0.07727106,1758586116951,true
1826423,4270.68,59.0,0.13815130,1758586116955,true
1826424,4270.68,22.0,0.05151404,1758586116955,true
1826425,4271.27,110.0,0.25753464,1758586121421,false
1826426,4271.27,91.0,0.21305138,1758586121421,false
1826427,4271.27,68.0,0.15920323,1758586121421,false
1826428,4271.27,5.0,0.01170612,1758586121421,false
1826429,4273.92,6.0,0.01403863,1758586133895,true
1826430,4273.92,50.0,0.11698861,1758586133895,true
1826431,4273.92,9.0,0.02105795,1758586133895,true
1826432,4273.92,38.0,0.08891135,1758586133896,true
1826433,4273.92,17.0,0.03977613,1758586133896,true
1826434,4272.51,118.0,0.27618425,1758586159256,false
1826435,4272.95,1.0,0.00234030,1758586159287,false
1826436,4273.37,1.0,0.00234007,1758586159296,false
1826437,4273.79,1.0,0.00233984,1758586159296,false
1826438,4274.21,1.0,0.00233961,1758586159297,false
1826439,4274.63,1.0,0.00233938,1758586159301,false
1826440,4274.73,150.0,0.35089935,1758586159301,false
1826441,4274.68,111.0,0.25966855,1758586202301,true
1826442,4274.68,1.0,0.00233935,1758586202301,true
1826443,4274.62,1.0,0.00233938,1758586202472,true
1826444,4274.49,71.0,0.16610168,1758586216283,false
1826445,4276.01,218.0,0.50982107,1758586226391,true
1826446,4276.01,84.0,0.19644481,1758586226391,true
1826447,4276.01,128.0,0.29934448,1758586226392,true
1826448,4274.63,1.0,0.00233938,1758586340387,false
1826449,4274.93,42.0,0.09824722,1758586340395,false
1826450,4275.46,1.0,0.00233892,1758586340565,true
1826451,4275.46,119.0,0.27833262,1758586340565,true
1826452,4275.37,1214.0,2.83952032,1758586340565,true
1826453,4279.67,1.0,0.00233662,1758586466186,false
1826454,4280.83,3.0,0.00700798,1758586533925,false
1826455,4280.83,84.0,0.19622362,1758586533925,false
1826456,4280.83,766.0,1.78937262,1758586533926,false
1826457,4280.83,425.0,0.99279812,1758586533926,false
1826458,4280.83,428.0,0.99980611,1758586533926,false
1826459,4280.83,19.0,0.04438391,1758586533927,false
1826460,4280.83,400.0,0.93439823,1758586533928,false
1826461,4280.83,18.0,0.04204792,1758586533928,false
1826462,4281.25,1.0,0.00233576,1758586533931,false
1826463,4281.35,1.0,0.00233571,1758586533932,false
1826464,4281.36,40.0,0.09342825,1758586533932,false
1826465,4281.36,220.0,0.51385541,1758586533933,false
1826466,4281.77,1.0,0.00233548,1758586533940,false
1826467,4282.03,20.0,0.04670681,1758586533962,false
1826468,4282.19,1.0,0.00233525,1758586533963,false
1826469,4282.21,61.0,0.14244980,1758586533963,false
1826470,4282.33,1.0,0.00233517,1758586534264,false
1826471,4282.52,69.0,0.16112008,1758586534264,false
1826472,4282.61,1.0,0.00233502,1758586534264,false
1826473,4283.03,1.0,0.00233479,1758586534581,false
1826474,4283.04,345.0,0.80550263,1758586534581,false
1826475,4283.04,164.0,0.38290559,1758586534695,false
1826476,4283.04,149.0,0.34788374,1758586534695,false
1826477,4283.04,24.0,0.05603496,1758586534695,false
1826478,4283.04,47.0,0.10973514,1758586534696,false
1826479,4283.04,65.0,0.15176136,1758586534699,false
1826480,4283.04,112.0,0.26149650,1758586534810,false
1826481,4283.04,25.0,0.05836975,1758586534813,false
1826482,4283.04,32.0,0.07471328,1758586534815,false
1826483,4283.04,32.0,0.07471328,1758586534826,false
1826484,4283.04,27.0,0.06303933,1758586534828,false
1826485,4283.04,227.0,0.52999738,1758586534828,false
1826486,4283.04,98.0,0.22880944,1758586534828,false
1826487,4283.04,93.0,0.21713549,1758586534830,false
1826488,4283.04,24.0,0.05603496,1758586534831,false
1826489,4283.04,94.0,0.21947028,1758586534831,false
1826490,4283.04,54.0,0.12607867,1758586534832,false
1826491,4283.37,7.0,0.01634227,1758586534840,false
1826492,4283.37,17.0,0.03968837,1758586534841,false
1826493,4283.37,1.0,0.00233461,1758586534951,false
1826494,4283.87,1.0,0.00233433,1758586534981,false
1826495,4284.01,7.0,0.01633983,1758586534981,false
1826496,4284.01,35.0,0.08169915,1758586534982,false
1826497,4284.02,51.0,0.11904706,1758586577362,false
1826498,4284.02,16.0,0.03734809,1758586577369,false
1826499,4284.02,32.0,0.07469619,1758586577369,false
1826500,4284.02,106.0,0.24743115,1758586577372,false
1826501,4284.02,40.0,0.09337024,1758586577372,false
1826502,4284.02,6.0,0.01400553,1758586577378,false
1826503,4284.02,2.0,0.00466851,1758586577389,false
1826504,4284.29,1.0,0.00233410,1758586577396,false
1826505,4284.7,499.0,1.16460895,1758586590856,true
1826506,4283.8,7.0,0.01634063,1758586604435,true
1826507,4283.8,8.0,0.01867500,1758586604435,true
1826508,4283.8,7.0,0.01634063,1758586604435,true
1826509,4283.79,1.0,0.00233438,1758586604435,true
1826510,4283.79,1.0,0.00233438,1758586609190,true
1826511,4281.78,261.0,0.60955957,1758586619312,true
1826512,4281.39,212.0,0.49516628,1758586626053,true
1826513,4281.39,287.0,0.67034304,1758586626054,true
1826514,4281.39,1.0,0.00233569,1758586626055,true
1826515,4281.17,1.0,0.00233581,1758586626056,true
1826516,4281.07,261.0,0.60966066,1758586626056,true
1826517,4281.07,1.0,0.00233586,1758586626057,true
1826518,4280.85,1.0,0.00233598,1758586626062,true
1826519,4279.05,116.0,0.27108820,1758586626835,true
1826520,4279.05,122.0,0.28511001,1758586626835,true
1826521,4278.49,126.0,0.29449642,1758586626836,true
1826522,4278.33,52.0,0.12154275,1758586626836,true
1826523,4282.55,20.0,0.04670114,1758586672963,true
1826524,4281.99,117.0,0.27323744,1758586685845,false
1826525,4281.99,122.0,0.28491425,1758586685845,false
1826526,4282.55,40.0,0.09340229,1758586688042,false
1826527,4282.55,40.0,0.09340229,1758586689842,false
1826528,4282.55,120.0,0.28020688,1758586690479,false
1826529,4281.17,1.0,0.00233581,1758586708492,true
1826530,4282.19,188.0,0.43902769,1758586729513,false
1826531,4282.19,11.0,0.02568779,1758586729517,false
1826532,4282.19,1.0,0.00233525,1758586729891,false
1826533,4282.29,40.0,0.09340796,1758586732828,false
1826534,4282.08,138.0,0.32227328,1758586734127,false
1826535,4282.61,128.0,0.29888315,1758586734396,false
1826536,4282.61,112.0,0.26152276,1758586734396,false
1826537,4283.44,40.0,0.09338288,1758586745960,false
1826538,4285.09,10.0,0.02333673,1758586809974,true
1826539,4285.34,1.0,0.00233353,1758586816060,false
1826540,4284.67,261.0,0.60914842,1758586859142,true
1826541,4284.07,4.0,0.00933691,1758586866996,false
1826542,4284.07,4.0,0.00933691,1758586866996,false
1826543,4284.07,1.0,0.00233422,1758586866996,false
1826544,4285.25,450.0,1.05011376,1758586901010,true
1826545,4285.25,92.0,0.21468992,1758586901012,true
1826546,4285.25,327.0,0.76308266,1758586901013,true
1826547,4285.25,59.0,0.13768158,1758586901013,true
1826548,4285.25,32.0,0.07467475,1758586901014,true
1826549,4285.25,74.0,0.17268537,1758586901014,true
1826550,4285.25,17.0,0.03967096,1758586901014,true
1826551,4285.25,133.0,0.31036695,1758586901014,true
1826552,4285.25,115.0,0.26836240,1758586901014,true
1826553,4285.25,69.0,0.16101744,1758586901014,true
1826554,4285.25,70.0,0.16335102,1758586901014,true
1826555,4285.25,43.0,0.10034420,1758586901015,true
1826556,4285.25,117.0,0.27302957,1758586901017,true
1826557,4285.25,34.0,0.07934192,1758586901019,true
1826558,4285.25,67.0,0.15635027,1758586901020,true
1826559,4285.25,73.0,0.17035178,1758586901020,true
1826560,4285.25,136.0,0.31736771,1758586901021,true
1826561,4285.25,257.0,0.59973163,1758586901030,true
1826562,4285.25,28.0,0.06534041,1758586901039,true
1826563,4285.25,24.0,0.05600606,1758586901042,true
1826564,4285.25,96.0,0.22402426,1758586901043,true
1826565,4285.25,76.0,0.17735254,1758586901044,true
1826566,4285.25,68.0,0.15868385,1758586901049,true
1826567,4285.25,69.0,0.16101744,1758586901049,true
1826568,4285.25,54.0,0.12601365,1758586901051,true
1826569,4285.25,53.0,0.12368006,1758586901052,true
1826570,4285.25,51.0,0.11901289,1758586901059,true
1826571,4285.25,3.0,0.00700075,1758586901061,true
1826572,4285.25,2.0,0.00466717,1758586901062,true
1826573,4285.25,4.0,0.00933434,1758586901062,true
1826574,4285.25,3.0,0.00700075,1758586901062,true
1826575,4285.25,3.0,0.00700075,1758586901062,true
1826576,4285.25,2.0,0.00466717,1758586901062,true
1826577,4285.25,2.0,0.00466717,1758586901062,true
1826578,4285.25,46.0,0.10734496,1758586901062,true
1826579,4285.25,26.0,0.06067323,1758586901063,true
1826580,4285.25,5.0,0.01166793,1758586901063,true
1826581,4285.25,46.0,0.10734496,1758586901063,true
1826582,4285.25,3.0,0.00700075,1758586901063,true
1826583,4285.25,425.0,0.99177410,1758586901133,true
1826584,4285.25,425.0,0.99177410,1758586901134,true
1826585,4285.25,425.0,0.99177410,1758586901135,true
1826586,4285.25,25.0,0.05833965,1758586901136,true
1826587,4285.25,27.0,0.06300682,1758586901180,true
1826588,4285.25,2844.0,6.63671897,1758586901288,true
1826589,4283.03,1.0,0.00233479,1758586926724,false
1826590,4282.93,1.0,0.00233485,1758586958602,false
1826591,4282.94,22.0,0.05136658,1758586958602,false
1826592,4282.0,148.0,0.34563288,1758586986555,true
1826593,4282.0,75.0,0.17515179,1758586986556,true
1826594,4282.0,27.0,0.06305464,1758586986556,true
1826595,4282.0,23.0,0.05371321,1758586986557,true
1826596,4282.0,425.0,0.99252685,1758586986557,true
1826597,4282.0,105.0,0.24521251,1758586986557,true
1826598,4282.0,37.0,0.08640822,1758586986559,true
1826599,4282.0,90.0,0.21018215,1758586986561,true
1826600,4282.0,531.0,1.24007473,1758586986561,true
1826601,4282.0,1368.0,3.19476879,1758586986563,true
1826602,4282.0,272.0,0.63521718,1758586986571,true
1826603,4282.0,12.0,0.02802428,1758586986573,true
1826604,4282.0,11.0,0.02568893,1758586986574,true
1826605,4282.0,104.0,0.24287716,1758586986590,true
1826606,4282.0,26.0,0.06071929,1758586986590,true
1826607,4282.0,105.0,0.24521251,1758586986610,true
1826608,4282.0,12.0,0.02802428,1758586986616,true
1826609,4282.0,25.0,0.05838393,1758586986620,true
1826610,4282.0,425.0,0.99252685,1758586986626,true
1826611,4282.0,26.0,0.06071929,1758586986626,true
1826612,4282.0,30.0,0.07006071,1758586986628,true
1826613,4282.0,27.0,0.06305464,1758586986631,true
1826614,4282.0,1.0,0.00233535,1758586986632,true
1826615,4282.0,290.0,0.67725361,1758586986636,true
1826616,4282.0,70.0,0.16347501,1758586986636,true
1826617,4282.0,110.0,0.25688930,1758586986636,true
1826618,4282.0,425.0,0.99252685,1758586986637,true
1826619,4282.0,80.0,0.18682858,1758586986638,true
1826620,4282.0,40.0,0.09341429,1758586986642,true
1826621,4282.0,80.0,0.18682858,1758586986642,true
1826622,4282.55,1.0,0.00233505,1758587031001,true
1826623,4283.77,119.0,0.27779269,1758587113473,true
1826624,4283.77,1.0,0.00233439,1758587113473,true
1826625,4283.2,512.0,1.19536794,1758587125280,true
1826626,4283.2,276.0,0.64437803,1758587125280,true
1826627,4283.2,169.0,0.39456481,1758587125280,true
1826628,4283.2,1043.0,2.43509525,1758587125778,true
1826629,4282.61,500.0,1.16751233,1758587138188,false
1826630,4283.02,90.0,0.21013210,1758587138188,false
1826631,4283.03,1.0,0.00233479,1758587138188,false
1826632,4283.2,59.0,0.13774747,1758587140884,true
1826633,4283.2,28.0,0.06537168,1758587140884,true
1826634,4283.2,34.0,0.07937990,1758587140885,true
1826635,4283.2,20.0,0.04669406,1758587140966,true
1826636,4283.2,10.0,0.02334703,1758587140966,true
1826637,4283.2,19.0,0.04435935,1758587140967,true
1826638,4281.91,500.0,1.16770319,1758587163899,false
1826639,4282.06,422.0,0.98550697,1758587313111,false
1826640,4282.13,77.0,0.17981705,1758587313112,false
1826641,4282.27,500.0,1.16760503,1758587324654,false
1826642,4282.28,90.0,0.21016841,1758587324654,false
1826643,4282.29,90.0,0.21016792,1758587324654,false
1826644,4282.29,422.0,0.98545404,1758587324654,false
1826645,4282.3,1405.0,3.28094715,1758587324654,false
1826646,4282.49,51.0,0.11908959,1758587324654,false
1826647,4282.61,1.0,0.00233502,1758587324654,false
1826648,4282.61,30.0,0.07005074,1758587333205,true
1826649,4282.61,102.0,0.23817251,1758587333205,true
1826650,4282.61,101.0,0.23583749,1758587333206,true
1826651,4282.61,76.0,0.17746187,1758587333207,true
1826652,4282.61,17.0,0.03969541,1758587333208,true
1826653,4282.61,44.0,0.10274108,1758587333208,true
1826654,4282.61,77.0,0.17979689,1758587333208,true
1826655,4282.61,1045.0,2.44010077,1758587333220,true
1826656,4282.61,47.0,0.10974615,1758587333220,true
1826657,4282.61,105.0,0.24517759,1758587333222,true
1826658,4282.61,182.0,0.42497448,1758587333224,true
1826659,4282.61,94.0,0.21949231,1758587333226,true
1826660,4282.61,34.0,0.07939083,1758587333230,true
1826661,4282.61,43.0,0.10040606,1758587333237,true
1826662,4282.61,39.0,0.09106596,1758587335247,true
1826663,4282.61,10.0,0.02335024,1758587335252,true
1826664,4282.61,226.0,0.52771557,1758587336367,true
1826665,4282.19,1.0,0.00233525,1758587403174,false
1826666,4283.03,1.0,0.00233479,1758587403502,false
1826667,4283.29,167.0,0.38988721,1758587403502,false
1826668,4283.29,61.0,0.14241389,1758587403519,false
1826669,4283.29,107.0,0.24980797,1758587403519,false
1826670,4283.3,142.0,0.33152008,1758587403537,false
1826671,4283.29,1.0,0.00233465,1758587403928,false
1826672,4283.43,119.0,0.27781474,1758587403928,false
1826673,4283.29,1.0,0.00233465,1758587403943,false
1826674,4283.43,7.0,0.01634204,1758587403943,false
1826675,4283.44,112.0,0.26147208,1758587403943,false
1826676,4283.29,1.0,0.00233465,1758587403964,false
1826677,4283.44,84.0,0.19610406,1758587403964,false
1826678,4283.29,1.0,0.00233465,1758587404077,false
1826679,4283.4,30.0,0.07003782,1758587404077,false
1826680,4283.45,1.0,0.00233456,1758587404101,false
1826681,4283.46,30.0,0.07003683,1758587515716,true
1826682,4283.46,22.0,0.05136034,1758587515716,true
1826683,4283.46,60.0,0.14007367,1758587515716,true
1826684,4283.46,60.0,0.14007367,1758587515716,true
1826685,4283.46,43.0,0.10038613,1758587515716,true
1826686,4282.62,30.0,0.07005057,1758587515878,false
1826687,4282.62,30.0,0.07005057,1758587515892,false
1826688,4276.73,1.0,0.00233823,1758587663184,false
1826689,4276.81,78.0,0.18237892,1758587663184,false
1826690,4276.85,260.0,0.60792405,1758587663184,false
1826691,4276.96,150.0,0.35071639,1758587663184,false
1826692,4276.97,411.0,0.96096068,1758587663184,false
1826693,4277.14,113.0,0.26419523,1758587666050,true
1826694,4277.14,1.0,0.00233801,1758587666050,true
1826695,4276.83,201.0,0.46997425,1758587666050,true
1826696,4276.21,135.0,0.31570011,1758587681986,true
1826697,4276.21,112.0,0.26191417,1758587681986,true
1826698,4274.91,130.0,0.30409996,1758587686012,true
1826699,4274.91,1.0,0.00233923,1758587686012,true
1826700,4274.86,3.0,0.00701777,1758587686012,true
1826701,4274.62,25.0,0.05848473,1758587686012,true
1826702,4274.19,91.0,0.21290583,1758587686013,true
1826703,4274.17,99.0,0.23162391,1758587686013,true
1826704,4274.14,90.0,0.21056867,1758587686013,true
1826705,4274.12,90.0,0.21056966,1758587686013,true
1826706,4274.11,52.0,0.12166275,1758587686013,true
1826707,4273.75,90.0,0.21058789,1758587686013,true
1826708,4273.73,222.0,0.51945256,1758587686013,true
1826709,4273.73,278.0,0.65048564,1758587686015,true
1826710,4273.63,1.0,0.00233993,1758587686015,true
1826711,4273.33,51.0,0.11934486,1758587686017,true
1826712,4273.19,61.0,0.14275049,1758587686017,true
1826713,4273.19,78.0,0.18253342,1758587686303,false
1826714,4273.2,261.0,0.61078348,1758587686303,false
1826715,4275.88,1.0,0.00233869,1758587696002,true
1826716,4273.29,52.0,0.12168610,1758587703983,true
1826717,4273.29,52.0,0.12168610,1758587703984,true
1826718,4272.52,20.0,0.04681078,1758587706765,true
1826719,4273.9,500.0,1.16989166,1758587714838,false
1826720,4275.47,1.0,0.00233892,1758587732135,false
1826721,4274.85,14.0,0.03274968,1758587761484,true
1826722,4274.85,136.0,0.31813981,1758587761484,true
1826723,4272.53,1.0,0.00234053,1758587813561,false
1826724,4272.53,78.0,0.18256162,1758587813561,false
1826725,4272.53,74.0,0.17319948,1758587813561,false
1826726,4272.66,90.0,0.21064161,1758587813561,false
1826727,4272.67,184.0,0.43064407,1758587813561,false
1826728,4271.01,68.0,0.15921292,1758588036170,true
1826729,4271.01,1.0,0.00234136,1758588036170,true
1826730,4270.68,1.0,0.00234154,1758588036979,true
1826731,4272.11,775.0,1.81409186,1758588060479,false
1826732,4272.11,109.0,0.25514324,1758588060484,false
1826733,4272.11,593.0,1.38807287,1758588060518,false
1826734,4272.11,238.0,0.55710176,1758588060690,false
1826735,4272.11,15.0,0.03511145,1758588060694,false
1826736,4272.11,171.0,0.40027059,1758588060695,false
1826737,4272.11,112.0,0.26216553,1758588060698,false
1826738,4272.11,17.0,0.03979298,1758588060698,false
1826739,4272.11,4.0,0.00936305,1758588060698,false
1826740,4272.11,14.0,0.03277069,1758588060701,false
1826741,4272.11,15.0,0.03511145,1758588060703,false
1826742,4272.11,2.0,0.00468152,1758588060703,false
1826743,4272.92,1.0,0.00234031,1758588065587,true
1826744,4272.72,43.0,0.10063846,1758588065588,true
1826745,4270.21,3.0,0.00702541,1758588091465,true
1826746,4270.21,1.0,0.00234180,1758588091465,true
1826747,4270.04,1.0,0.00234189,1758588091465,true
1826748,4269.93,1.0,0.00234195,1758588091465,true
1826749,4269.9,151.0,0.35363825,1758588091465,true
1826750,4269.9,348.0,0.81500737,1758588091465,true
1826751,4269.9,1.0,0.00234197,1758588091466,true
1826752,4269.69,14.0,0.03278926,1758588091466,true
1826753,4269.69,39.0,0.09134152,1758588091466,true
1826754,4269.51,1.0,0.00234218,1758588091467,true
1826755,4269.25,86.0,0.20144053,1758588091467,true
1826756,4269.24,90.0,0.21081035,1758588091467,true
1826757,4269.23,1.0,0.00234234,1758588091474,true
1826758,4268.89,3.0,0.00702758,1758588095035,true
1826759,4268.54,90.0,0.21084492,1758588095035,true
1826760,4268.51,90.0,0.21084640,1758588095035,true
1826761,4269.51,2.0,0.00468437,1758588107566,false
1826762,4269.9,260.0,0.60891355,1758588210400,false
1826763,4268.75,1.0,0.00234260,1758588256659,false
1826764,4268.75,1.0,0.00234260,1758588256659,false
1826765,4268.16,2.0,0.00468585,1758588321677,true
1826766,4267.67,16.0,0.03749118,1758588322653,true
1826767,4267.67,1.0,0.00234319,1758588362158,true
1826768,4267.67,134.0,0.31398866,1758588362158,true
1826769,4267.67,129.0,0.30227266,1758588362158,true
1826770,4267.67,126.0,0.29524307,1758588362158,true
1826771,4267.41,1.0,0.00234334,1758588362158,true
1826772,4267.16,500.0,1.17173951,1758588362158,true
1826773,4266.99,1.0,0.00234357,1758588362158,true
1826774,4266.81,52.0,0.12187090,1758588362158,true
1826775,4266.57,1.0,0.00234380,1758588362158,true
1826776,4266.54,111.0,0.26016397,1758588362158,true
1826777,4266.53,94.0,0.22031955,1758588362158,true
1826778,4266.52,260.0,0.60939594,1758588362158,true
1826779,4266.36,52.0,0.12188376,1758588362158,true
1826780,4266.33,1.0,0.00234393,1758588362158,true
1826781,4266.26,41.0,0.09610290,1758588362158,true
1826782,4268.33,1.0,0.00234283,1758588429194,false
1826783,4268.75,1.0,0.00234260,1758588429194,false
1826784,4268.87,150.0,0.35138104,1758588429194,false
1826785,4268.88,78.0,0.18271771,1758588429194,false
1826786,4268.88,418.0,0.97917955,1758588429194,false
1826787,4267.61,136.0,0.31867954,1758588510666,true
1826788,4267.7,40.0,0.09372730,1758588540877,false
1826789,4265.88,25.0,0.05860455,1758588547040,true
1826790,4265.41,1.0,0.00234444,1758588550036,true
1826791,4265.12,444.0,1.04100236,1758588550036,true
1826792,4264.95,1.0,0.00234469,1758588552012,true
1826793,4264.95,76.0,0.17819669,1758588552013,true
1826794,4264.95,77.0,0.18054138,1758588552013,true
1826795,4264.95,81.0,0.18992016,1758588552013,true
1826796,4264.95,13.0,0.03048101,1758588552013,true
1826797,4264.47,1.0,0.00234495,1758588552013,true
1826798,4264.47,158.0,0.37050325,1758588552013,true
1826799,4264.26,117.0,0.27437351,1758588552013,true
1826800,4264.25,90.0,0.21105704,1758588552013,true
1826801,4264.25,178.0,0.41742393,1758588552013,true
1826802,4264.25,101.0,0.23685290,1758588552013,true
1826803,4264.21,1.0,0.00234510,1758588552013,true
1826804,4264.21,52.0,0.12194521,1758588552013,true
1826805,4264.18,61.0,0.14305212,1758588552013,true
1826806,4264.16,118.0,0.27672507,1758588552013,true
1826807,4265.32,40.0,0.09377959,1758588633827,false
1826808,4265.4,1.0,0.00234444,1758588635118,false
1826809,4265.4,39.0,0.09143339,1758588635118,false
1826810,4265.26,40.0,0.09378091,1758588636498,false
1826811,4264.75,40.0,0.09379213,1758588637812,false
1826812,4264.75,1.0,0.00234480,1758588695938,false
1826813,4264.75,39.0,0.09144732,1758588695938,false
1826814,4264.74,2.0,0.00468961,1758588701217,true
1826815,4264.05,152.0,0.35646861,1758588701217,true
1826816,4263.95,138.0,0.32364356,1758588701217,true
1826817,4263.63,1.0,0.00234541,1758588701217,true
1826818,4263.63,70.0,0.16417934,1758588701217,true
1826819,4266.41,1.0,0.00234389,1758588725645,false
1826820,4266.65,1.0,0.00234375,1758588725650,false
1826821,4266.67,30.0,0.07031244,1758588733628,true
1826822,4266.67,34.0,0.07968743,1758588733628,true
1826823,4266.67,34.0,0.07968743,1758588733628,true
1826824,4266.67,33.0,0.07734368,1758588733628,true
1826825,4266.67,34.0,0.07968743,1758588733628,true
1826826,4266.67,31.0,0.07265619,1758588733628,true
1826827,4265.09,40.0,0.09378465,1758588737833,false
1826828,4265.48,40.0,0.09377608,1758588744940,false
1826829,4266.38,40.0,0.09375629,1758588758925,false
1826830,4265.64,40.0,0.09377256,1758588771431,false
1826831,4264.83,40.0,0.09379037,1758588823864,false
1826832,4264.39,1.0,0.00234500,1758588828100,false
1826833,4264.39,39.0,0.09145504,1758588828100,false
1826834,4264.39,40.0,0.09380005,1758588829835,false
1826835,4264.39,37.0,0.08676504,1758588830833,false
1826836,4265.0,105.0,0.24618991,1758588852637,true
1826837,4265.0,1.0,0.00234466,1758588853626,true
1826838,4265.43,1.0,0.00234442,1758588908436,false
1826839,4266.22,134.0,0.31409538,1758588914492,true
1826840,4264.97,123.0,0.28839593,1758589020309,false
1826841,4265.39,1.0,0.00234445,1758589020316,false
1826842,4266.83,90.0,0.21092942,1758589024420,false
1826843,4266.84,62.0,0.14530659,1758589024420,false
1826844,4266.84,16.0,0.03749847,1758589024420,false
1826845,4266.84,9.0,0.02109289,1758589223559,false
1826846,4266.84,40.0,0.09374619,1758589224442,false
1826847,4266.84,40.0,0.09374619,1758589225838,false
1826848,4266.84,40.0,0.09374619,1758589226847,false
1826849,4266.84,40.0,0.09374619,1758589227960,false
1826850,4266.18,40.0,0.09376069,1758589231321,false
1826851,4266.18,40.0,0.09376069,1758589232836,false
1826852,4266.18,40.0,0.09376069,1758589234008,false
1826853,4264.78,40.0,0.09379147,1758589290578,false
1826854,4264.32,36.0,0.08442143,1758589295701,true
1826855,4264.32,1.0,0.00234503,1758589295701,true
1826856,4262.92,3.0,0.00703742,1758589358950,true
1826857,4262.35,1272.0,2.98426924,1758589358950,true
1826858,4262.35,340.0,0.79768202,1758589361443,true
1826859,4261.71,1.0,0.00234647,1758589362989,true
1826860,4261.71,114.0,0.26749825,1758589362989,true
1826861,4261.71,118.0,0.27688416,1758589362989,true
1826862,4261.71,19.0,0.04458304,1758589362990,true
1826863,4261.71,111.0,0.26045882,1758589362990,true
1826864,4261.48,115.0,0.26985929,1758589394492,true
1826865,4260.77,1.0,0.00234699,1758589407084,false
1826866,4260.77,258.0,0.60552435,1758589407084,false
1826867,4261.97,40.0,0.09385331,1758589423007,false
1826868,4261.96,40.0,0.09385353,1758589424847,false
1826869,4260.24,1.0,0.00234728,1758589470755,true
1826870,4260.13,3.0,0.00704203,1758589470755,true
1826871,4260.0,105.0,0.24647887,1758589470755,true
1826872,4260.0,1.0,0.00234741,1758589470758,true
1826873,4259.54,68.0,0.15964165,1758589497830,true
1826874,4259.54,1.0,0.00234767,1758589497831,true
1826875,4259.23,2.0,0.00469568,1758589503598,true
1826876,4258.71,20.0,0.04696257,1758589513419,false
1826877,4260.62,40.0,0.09388304,1758589546327,false
1826878,4259.53,40.0,0.09390707,1758589565415,false
1826879,4259.53,40.0,0.09390707,1758589566889,false
1826880,4259.09,40.0,0.09391677,1758589571916,false
1826881,4259.5,103.0,0.24181241,1758589635827,true
1826882,4259.5,1.0,0.00234769,1758589635827,true
1826883,4259.46,150.0,0.35215731,1758589635827,true
1826884,4259.46,121.0,0.28407356,1758589635827,true
1826885,4259.08,130.0,0.30523023,1758589730900,true
1826886,4259.08,1.0,0.00234792,1758589730900,true
1826887,4259.08,90.0,0.21131324,1758589730900,true
1826888,4258.49,16.0,0.03757200,1758589752028,true
1826889,4258.49,1.0,0.00234825,1758589778749,true
1826890,4257.16,25.0,0.05872459,1758589784227,true
1826891,4256.97,3.0,0.00704726,1758589784238,true
1826892,4257.52,40.0,0.09395140,1758589838223,false
1826893,4257.52,40.0,0.09395140,1758589840871,false
1826894,4256.95,1.0,0.00234909,1758589851873,false
1826895,4256.95,39.0,0.09161488,1758589851873,false
1826896,4256.29,1.0,0.00234946,1758589885117,true
1826897,4256.0,1.0,0.00234962,1758589886034,true
1826898,4255.2,60.0,0.14100394,1758589889038,true
1826899,4255.2,1.0,0.00235006,1758589889038,true
1826900,4255.0,63.0,0.14806110,1758589889040,true
1826901,4255.28,27.0,0.06345058,1758589899435,true
1826902,4255.28,41.0,0.09635088,1758589908040,true
1826903,4254.84,17.0,0.03995449,1758589908040,true
1826904,4254.65,2.0,0.00470073,1758589924619,true
1826905,4254.53,85.0,0.19978705,1758589924619,true
1826906,4253.57,3.0,0.00705289,1758589928032,true
1826907,4253.47,123.0,0.28917566,1758589928032,true
1826908,4253.47,3.0,0.00705306,1758589937231,true
1826909,4253.38,1.0,0.00235107,1758589942834,true
1826910,4252.41,126.0,0.29630256,1758589945433,true
1826911,4252.3,115.0,0.27044187,1758589945652,true
1826912,4251.88,1.0,0.00235190,1758589947131,true
1826913,4251.26,1.0,0.00235224,1758589947141,true
1826914,4251.02,3.0,0.00705712,1758589947142,true
1826915,4251.0,1.0,0.00235238,1758589947142,true
1826916,4250.89,68.0,0.15996650,1758589947142,true
1826917,4250.73,77.0,0.18114535,1758589947142,true
1826918,4250.73,1.0,0.00235253,1758589947142,true
1826919,4250.74,19.0,0.04469809,1758589950610,false
1826920,4250.74,1.0,0.00235253,1758589950610,false
1826921,4250.32,2.0,0.00470552,1758589955960,true
1826922,4250.32,8.0,0.01882211,1758589955960,true
1826923,4250.32,115.0,0.27056786,1758589957168,true
1826924,4250.32,116.0,0.27292062,1758589957168,true
1826925,4250.32,32.0,0.07528844,1758589957168,true
1826926,4250.32,2.0,0.00470552,1758589957168,true
1826927,4250.24,20.0,0.04705616,1758589964295,false
1826928,4251.34,1.0,0.00235219,1758589980409,false
1826929,4251.55,39.0,0.09173125,1758589980409,false
1826930,4250.0,1.0,0.00235294,1758590012081,true
1826931,4250.69,1.0,0.00235255,1758590018820,false
1826932,4250.71,150.0,0.35288222,1758590018820,false
1826933,4250.72,222.0,0.52226446,1758590018820,false
1826934,4250.92,72.0,0.16937509,1758590028238,true
1826935,4250.92,1.0,0.00235243,1758590028240,true
1826936,4250.67,1.0,0.00235257,1758590047975,false
1826937,4250.89,89.0,0.20936792,1758590047975,false
1826938,4253.68,39.0,0.09168531,1758590160611,false
1826939,4253.68,39.0,0.09168531,1758590160612,false
1826940,4255.28,1.0,0.00235002,1758590238257,false
1826941,4255.46,1.0,0.00234992,1758590240065,false
1826942,4255.45,1.0,0.00234992,1758590240171,false
1826943,4255.44,1.0,0.00234993,1758590240493,false
1826944,4255.44,1.0,0.00234993,1758590240536,false
1826945,4255.44,1.0,0.00234993,1758590240707,false
1826946,4255.43,1.0,0.00234993,1758590240805,false
1826947,4255.43,1.0,0.00234993,1758590240914,false
1826948,4255.43,1.0,0.00234993,1758590240987,false
1826949,4255.4,1.0,0.00234995,1758590241156,false
1826950,4255.35,1.0,0.00234998,1758590241423,false
1826951,4255.34,1.0,0.00234998,1758590241642,false
1826952,4255.34,1.0,0.00234998,1758590241741,false
1826953,4255.32,1.0,0.00234999,1758590241783,false
1826954,4255.47,1.0,0.00234991,1758590242528,false
1826955,4255.73,1.0,0.00234977,1758590251160,false
1826956,4256.15,1.0,0.00234954,1758590251236,false
1826957,4256.97,1.0,0.00234908,1758590255277,false
1826958,4256.97,1.0,0.00234908,1758590255310,false
1826959,4256.97,1.0,0.00234908,1758590255345,false
1826960,4256.99,1.0,0.00234907,1758590255451,false
1826961,4257.41,1.0,0.00234884,1758590270342,false
1826962,4258.21,1.0,0.00234840,1758590273147,false
1826963,4258.19,1.0,0.00234841,1758590273201,false
1826964,4258.19,1.0,0.00234841,1758590273318,false
1826965,4258.19,1.0,0.00234841,1758590273381,false
1826966,4258.19,1.0,0.00234841,1758590273429,false
1826967,4258.19,1.0,0.00234841,1758590273490,false
1826968,4258.19,1.0,0.00234841,1758590273516,false
1826969,4258.19,1.0,0.00234841,1758590273607,false
1826970,4258.19,1.0,0.00234841,1758590273655,false
1826971,4258.19,1.0,0.00234841,1758590273716,false
1826972,4258.19,1.0,0.00234841,1758590273745,false
1826973,4258.19,1.0,0.00234841,1758590273877,false
1826974,4258.18,1.0,0.00234842,1758590273921,false
1826975,4258.17,1.0,0.00234842,1758590273953,false
1826976,4258.17,1.0,0.00234842,1758590274053,false
1826977,4258.17,1.0,0.00234842,1758590274220,false
1826978,4258.17,1.0,0.00234842,1758590274503,false
1826979,4258.17,1.0,0.00234842,1758590274538,false
1826980,4258.17,1.0,0.00234842,1758590274586,false
1826981,4258.17,1.0,0.00234842,1758590274723,false
1826982,4258.17,1.0,0.00234842,1758590274976,false
1826983,4258.17,1.0,0.00234842,1758590275017,false
1826984,4258.17,1.0,0.00234842,1758590275049,false
1826985,4258.17,1.0,0.00234842,1758590275127,false
1826986,4258.17,1.0,0.00234842,1758590275157,false
1826987,4258.17,1.0,0.00234842,1758590275227,false
1826988,4258.15,1.0,0.00234843,1758590275271,false
1826989,4258.15,1.0,0.00234843,1758590275357,false
1826990,4258.15,1.0,0.00234843,1758590275503,false
1826991,4258.15,1.0,0.00234843,1758590275594,false
1826992,4258.15,1.0,0.00234843,1758590275619,false
1826993,4258.15,1.0,0.00234843,1758590275668,false
1826994,4258.14,1.0,0.00234844,1758590286075,false
1826995,4258.67,1.0,0.00234815,1758590291488,false
1826996,4259.09,1.0,0.00234791,1758590291982,false
1826997,4259.23,1.0,0.00234784,1758590292673,false
1826998,4259.23,1.0,0.00234784,1758590292809,false
1826999,4259.5,1.0,0.00234769,1758590294604,false
1827000,4259.5,1.0,0.00234769,1758590294658,false
1827001,4259.5,1.0,0.00234769,1758590294735,false
1827002,4259.51,1.0,0.00234768,1758590294801,false
1827003,4260.24,1.0,0.00234728,1758590300940,false
1827004,4261.48,11.0,0.02581262,1758590303167,false
1827005,4261.48,72.0,0.16895538,1758590303870,false
1827006,4261.48,32.0,0.07509128,1758590303870,false
1827007,4261.71,1.0,0.00234647,1758590306088,false
1827008,4259.98,1.0,0.00234742,1758590342412,false
1827009,4259.98,1.0,0.00234742,1758590342443,false
1827010,4259.98,1.0,0.00234742,1758590342514,false
1827011,4259.98,1.0,0.00234742,1758590342573,false
1827012,4259.98,1.0,0.00234742,1758590342765,false
1827013,4259.98,1.0,0.00234742,1758590342793,false
1827014,4259.98,1.0,0.00234742,1758590342985,false
1827015,4259.76,1.0,0.00234755,1758590343055,false
1827016,4259.44,1.0,0.00234772,1758590355023,false
1827017,4257.96,500.0,1.17427124,1758590426393,true
1827018,4257.33,1.0,0.00234889,1758590426393,true
1827019,4256.94,77.0,0.18088110,1758590426393,true
1827020,4256.93,92.0,0.21611818,1758590426394,true
1827021,4256.92,90.0,0.21142046,1758590426394,true
1827022,4256.92,53.0,0.12450316,1758590426394,true
1827023,4256.92,1.0,0.00234911,1758590426394,true
1827024,4257.98,108.0,0.25364139,1758590465903,false
1827025,4258.3,500.0,1.17417748,1758590465903,false
1827026,4258.83,53.0,0.12444732,1758590465903,false
1827027,4262.45,1.0,0.00234606,1758590475225,false
1827028,4262.92,1.0,0.00234580,1758590476722,false
1827029,4262.92,2.0,0.00469161,1758590477036,false
1827030,4262.45,228.0,0.53490363,1758590520531,true
1827031,4262.87,1.0,0.00234583,1758590526217,false
1827032,4263.01,78.0,0.18296931,1758590526218,false
1827033,4264.18,28.0,0.06566326,1758590551040,false
1827034,4264.18,32.0,0.07504373,1758590551041,false
1827035,4264.18,1.0,0.00234511,1758590551041,false
1827036,4264.29,1.0,0.00234505,1758590551043,false
1827037,4264.95,1.0,0.00234469,1758590552279,false
1827038,4265.86,20.0,0.04688386,1758590565714,true
1827039,4265.83,500.0,1.17210484,1758590565714,true
1827040,4264.13,1.0,0.00234514,1758590630699,false
1827041,4264.34,83.0,0.19463738,1758590630699,false
1827042,4264.55,1.0,0.00234491,1758590642100,false
1827043,4265.0,31.0,0.07268464,1758590642474,false
1827044,4265.0,95.0,0.22274325,1758590642476,false
1827045,4265.0,1.0,0.00234466,1758590642479,false
1827046,4265.88,25.0,0.05860455,1758590648243,false
1827047,4266.0,45.0,0.10548523,1758590652718,false
1827048,4266.0,60.0,0.14064697,1758590652719,false
1827049,4266.0,1.0,0.00234411,1758590652719,false
1827050,4266.84,35.0,0.08202791,1758590654032,false
1827051,4266.84,1195.0,2.80066747,1758590654037,false
1827052,4266.84,75.0,0.17577410,1758590654193,false
1827053,4266.84,37.0,0.08671522,1758590654193,false
1827054,4266.84,62.0,0.14530659,1758590654193,false
1827055,4266.84,68.0,0.15936852,1758590654196,false
1827056,4266.84,128.0,0.29998781,1758590654196,false
1827057,4266.84,42.0,0.09843350,1758590654200,false
1827058,4266.84,28.0,0.06562233,1758590654208,false
1827059,4266.84,47.0,0.11015177,1758590654297,false
1827060,4266.84,22.0,0.05156040,1758590654297,false
1827061,4266.84,290.0,0.67965988,1758590654297,false
1827062,4266.84,170.0,0.39842131,1758590654297,false
1827063,4266.84,116.0,0.27186395,1758590654298,false
1827064,4266.84,27.0,0.06327867,1758590654300,false
1827065,4266.84,96.0,0.22499085,1758590654300,false
1827066,4266.84,82.0,0.19217969,1758590654302,false
1827067,4266.84,35.0,0.08202791,1758590654304,false
1827068,4266.84,154.0,0.36092283,1758590654304,false
1827069,4266.84,5.0,0.01171827,1758590654305,false
1827070,4266.84,5.0,0.01171827,1758590654305,false
1827071,4266.84,18.0,0.04218578,1758590654305,false
1827072,4266.84,73.0,0.17108679,1758590654307,false
1827073,4266.84,6.0,0.01406192,1758590654989,false
1827074,4266.84,2015.0,4.72246439,1758590654990,false
1827075,4267.67,1.0,0.00234319,1758590704356,false
1827076,4267.67,1.0,0.00234319,1758590704356,false
1827077,4267.67,2.0,0.00468639,1758590704356,false
1827078,4267.67,13.0,0.03046158,1758590704358,false
1827079,4268.16,2.0,0.00468585,1758590704679,false
1827080,4268.89,1.0,0.00234252,1758590705037,false
1827081,4268.89,2.0,0.00468505,1758590705351,false
1827082,4269.23,1.0,0.00234234,1758590712977,false
1827083,4268.01,40.0,0.09372049,1758590772998,false
1827084,4267.54,39.0,0.09138754,1758590827920,true
1827085,4267.54,1.0,0.00234327,1758590827925,true
1827086,4268.33,1.0,0.00234283,1758590845063,false
1827087,4268.15,40.0,0.09371741,1758590851977,false
1827088,4268.15,40.0,0.09371741,1758590853933,false
1827089,4268.15,40.0,0.09371741,1758590855257,false
1827090,4268.15,13.0,0.03045816,1758590856535,false
1827091,4267.79,40.0,0.09372532,1758590858956,false
1827092,4267.71,40.0,0.09372708,1758590860487,false
1827093,4267.41,136.0,0.31869447,1758590892987,false
1827094,4267.93,102.0,0.23899173,1758590892987,false
1827095,4268.33,1.0,0.00234283,1758590893002,false
1827096,4269.8,40.0,0.09368120,1758590895173,false
1827097,4269.8,40.0,0.09368120,1758590896954,false
1827098,4269.8,34.0,0.07962902,1758590897973,false
1827099,4269.81,90.0,0.21078221,1758590903952,true
1827100,4269.8,90.0,0.21078270,1758590903952,true
1827101,4269.88,66.0,0.15457108,1758590904633,false
1827102,4269.88,52.0,0.12178328,1758590904644,false
1827103,4269.88,8.0,0.01873588,1758590905930,false
1827104,4269.88,32.0,0.07494355,1758590909610,true
1827105,4270.04,1.0,0.00234189,1758590913829,false
1827106,4270.68,57.0,0.13346820,1758590914018,false
1827107,4270.68,57.0,0.13346820,1758590914033,false
1827108,4270.68,1.0,0.00234154,1758590914035,false
1827109,4270.94,40.0,0.09365619,1758590915500,false
1827110,4270.94,40.0,0.09365619,1758590916959,false
1827111,4270.94,46.0,0.10770462,1758590917899,false
1827112,4271.01,69.0,0.16155429,1758590917905,false
1827113,4271.73,40.0,0.09363887,1758590919489,false
1827114,4272.0,40.0,0.09363295,1758590921936,false
1827115,4272.0,45.0,0.10533707,1758590921994,false
1827116,4272.0,42.0,0.09831460,1758590921994,false
1827117,4272.53,1.0,0.00234053,1758590923057,false
1827118,4272.95,1.0,0.00234030,1758590924471,false
1827119,4272.48,40.0,0.09362243,1758590928742,false
1827120,4272.04,40.0,0.09363208,1758590932135,true
1827121,4271.56,40.0,0.09364260,1758590947059,false
1827122,4272.53,1.0,0.00234053,1758591017916,false
1827123,4272.3,40.0,0.09362638,1758591025989,false
1827124,4272.3,40.0,0.09362638,1758591027998,false
1827125,4271.75,40.0,0.09363843,1758591030148,false
1827126,4271.75,40.0,0.09363843,1758591031931,false
1827127,4270.58,40.0,0.09366409,1758591059508,false
1827128,4271.15,310.0,0.72579984,1758591067613,true
1827129,4271.15,189.0,0.44250377,1758591067614,true
1827130,4264.21,1.0,0.00234510,1758591192105,true
1827131,4263.91,71.0,0.16651383,1758591192107,true
1827132,4262.92,3.0,0.00703742,1758591192136,true
1827133,4262.92,76.0,0.17828155,1758591192136,true
1827134,4262.92,118.0,0.27680556,1758591192136,true
1827135,4262.85,96.0,0.22520144,1758591192136,true
1827136,4262.18,111.0,0.26043010,1758591192155,true
1827137,4262.04,70.0,0.16424059,1758591192155,true
1827138,4262.27,277.0,0.64988843,1758591192326,false
1827139,4262.05,200.0,0.46925775,1758591192347,false
1827140,4261.71,1.0,0.00234647,1758591200664,true
1827141,4261.48,114.0,0.26751269,1758591200664,true
1827142,4261.48,1.0,0.00234660,1758591200666,true
1827143,4260.25,80.0,0.18778240,1758591219336,false
1827144,4260.24,1.0,0.00234728,1758591248826,true
1827145,4260.0,42.0,0.09859154,1758591248831,true
1827146,4259.54,68.0,0.15964165,1758591249526,true
1827147,4259.54,1.0,0.00234767,1758591251211,true
1827148,4259.23,2.0,0.00469568,1758591251299,true
1827149,4258.49,16.0,0.03757200,1758591251434,true
1827150,4258.49,1.0,0.00234825,1758591251436,true
1827151,4258.95,390.0,0.91571866,1758591346950,true
1827152,4258.95,87.0,0.20427570,1758591347055,true
1827153,4258.95,134.0,0.31463154,1758591347793,true
1827154,4258.95,560.0,1.31487808,1758591347794,true
1827155,4258.95,326.0,0.76544688,1758591347794,true
1827156,4258.95,108.0,0.25358362,1758591347794,true
1827157,4258.44,500.0,1.17413888,1758591374768,false
1827158,4259.09,1.0,0.00234791,1758591378489,false
1827159,4259.09,1.0,0.00234791,1758591428199,false
1827160,4257.16,25.0,0.05872459,1758591461803,true
1827161,4256.97,3.0,0.00704726,1758591468981,true
1827162,4256.97,1.0,0.00234908,1758591468981,true
1827163,4256.29,1.0,0.00234946,1758591473665,true
1827164,4256.15,1.0,0.00234954,1758591489145,false
1827165,4256.15,81.0,0.19031284,1758591489145,false
1827166,4256.15,179.0,0.42056788,1758591489147,false
1827167,4256.16,127.0,0.29839103,1758591489147,false
1827168,4255.2,10.0,0.02350065,1758591498907,true
1827169,4255.2,51.0,0.11985335,1758591499109,true
1827170,4254.54,42.0,0.09871807,1758591523501,false
1827171,4254.53,85.0,0.19978705,1758591551851,true
1827172,4254.53,112.0,0.26324881,1758591551851,true
1827173,4253.47,126.0,0.29622872,1758591556520,true
1827174,4253.47,16.0,0.03761634,1758591556520,true
1827175,4253.47,1.0,0.00235102,1758591556520,true
1827176,4253.38,1.0,0.00235107,1758591556520,true
1827177,4253.13,1.0,0.00235120,1758591556520,true
1827178,4253.13,126.0,0.29625240,1758591556520,true
1827179,4253.05,29.0,0.06818636,1758591556520,true
1827180,4252.84,3.0,0.00705410,1758591609750,true
1827181,4252.41,112.0,0.26338005,1758591609750,true
1827182,4252.41,14.0,0.03292250,1758591609750,true
1827183,4252.3,115.0,0.27044187,1758591609750,true
1827184,4251.26,1.0,0.00235224,1758591626099,true
1827185,4251.02,3.0,0.00705712,1758591627049,true
1827186,4250.32,2.0,0.00470552,1758591629203,true
1827187,4250.0,42.0,0.09882352,1758591629283,true
1827188,4249.32,16.0,0.03765308,1758591629658,true
1827189,4249.32,1.0,0.00235331,1758591629827,true
1827190,4248.46,25.0,0.05884485,1758591629933,true
1827191,4248.09,69.0,0.16242593,1758591629946,true
1827192,4249.09,261.0,0.61424916,1758591650750,false
1827193,4249.09,1.0,0.00235344,1758591650750,false
1827194,4247.64,1.0,0.00235424,1758591687730,true
1827195,4246.74,2.0,0.00470949,1758591687916,true
1827196,4246.62,10.0,0.02354813,1758591693418,false
1827197,4247.28,80.0,0.18835584,1758591717200,false
1827198,4247.28,182.0,0.42850954,1758591717201,false
1827199,4246.23,60.0,0.14130181,1758591741316,true
1827200,4246.23,1.0,0.00235503,1758591741316,true
1827201,4245.83,20.0,0.04710504,1758591741321,true
1827202,4245.09,3.0,0.00706698,1758591745058,true
1827203,4245.08,1.0,0.00235566,1758591745058,true
1827204,4244.65,500.0,1.17795342,1758591745060,true
1827205,4243.89,1.0,0.00235632,1758591745068,true
1827206,4243.49,50.0,0.11782754,1758591745082,true
1827207,4243.47,1.0,0.00235656,1758591745087,true
1827208,4243.13,115.0,0.27102634,1758591745091,true
1827209,4242.63,1.0,0.00235702,1758591745108,true
1827210,4242.3,1.0,0.00235721,1758591745109,true
1827211,4247.86,500.0,1.17706327,1758591822943,true
1827212,4247.78,1.0,0.00235417,1758591822943,true
1827213,4248.17,1.0,0.00235395,1758591893021,false
1827214,4249.41,500.0,1.17663393,1758591967894,true
1827215,4248.93,1.0,0.00235353,1758591967894,true
1827216,4248.71,20.0,0.04707311,1758591967894,true
1827217,4248.51,1.0,0.00235376,1758591967894,true
1827218,4248.51,86.0,0.20242390,1758591967894,true
1827219,4248.42,78.0,0.18359766,1758591967894,true
1827220,4248.42,462.0,1.08746310,1758591967894,true
1827221,4248.42,305.0,0.71791395,1758591967894,true
1827222,4248.41,1047.0,2.46445140,1758591967894,true
1827223,4248.94,305.0,0.71782609,1758591967905,true
1827224,4248.73,73.0,0.17181604,1758591967905,true
1827225,4248.44,130.0,0.30599467,1758591967905,true
1827226,4248.43,124.0,0.29187252,1758591967905,true
1827227,4248.41,359.0,0.84502202,1758591967905,true
1827228,4248.41,500.0,1.17691089,1758591967905,true
1827229,4248.37,53.0,0.12475372,1758591967905,true
1827230,4248.31,53.0,0.12475549,1758591967905,true
1827231,4248.09,1.0,0.00235399,1758591967905,true
1827232,4248.09,138.0,0.32485187,1758591967905,true
1827233,4247.98,140.0,0.32956840,1758591967905,true
1827234,4247.97,79.0,0.18597118,1758591967905,true
1827235,4247.96,263.0,0.61912070,1758591967905,true
1827236,4247.67,1.0,0.00235423,1758591967905,true
1827237,4247.55,53.0,0.12477781,1758591967905,true
1827238,4247.25,1.0,0.00235446,1758591967905,true
1827239,4247.25,1.0,0.00235446,1758591967905,true
1827240,4247.25,140.0,0.32962505,1758591967905,true
1827241,4247.07,82.0,0.19307428,1758591967905,true
1827242,4247.06,4.0,0.00941827,1758591967905,true
1827243,4248.92,305.0,0.71782947,1758591967925,true
1827244,4248.55,73.0,0.17182332,1758591967925,true
1827245,4248.44,101.0,0.23773432,1758591967925,true
1827246,4248.43,263.0,0.61905221,1758591967925,true
1827247,4248.38,73.0,0.17183020,1758591967925,true
1827248,4248.21,73.0,0.17183707,1758591967925,true
1827249,4248.09,1.0,0.00235399,1758591967925,true
1827250,4248.06,53.0,0.12476283,1758591967925,true
1827251,4248.04,73.0,0.17184395,1758591967925,true
1827252,4247.87,73.0,0.17185083,1758591967925,true
1827253,4247.7,73.0,0.17185771,1758591967925,true
1827254,4247.67,1.0,0.00235423,1758591967925,true
1827255,4247.63,53.0,0.12477546,1758591967925,true
1827256,4247.53,73.0,0.17186458,1758591967925,true
1827257,4247.36,73.0,0.17187146,1758591967925,true
1827258,4247.25,1.0,0.00235446,1758591967925,true
1827259,4247.09,500.0,1.17727667,1758591967925,true
1827260,4247.07,130.0,0.30609337,1758591967925,true
1827261,4247.06,49.0,0.11537392,1758591967925,true
1827262,4247.03,98.0,0.23074948,1758591967925,true
1827263,4247.01,305.0,0.71815230,1758591967925,true
1827264,4246.83,1.0,0.00235469,1758591967925,true
1827265,4246.61,52.0,0.12245061,1758591967925,true
1827266,4246.41,1.0,0.00235493,1758591967925,true
1827267,4246.13,2.0,0.00471017,1758591967925,true
1827268,4248.45,92.0,0.21654956,1758591967933,true
1827269,4248.44,305.0,0.71791057,1758591967933,true
1827270,4247.16,305.0,0.71812693,1758591967933,true
1827271,4247.1,53.0,0.12479103,1758591967933,true
1827272,4246.41,1.0,0.00235493,1758591967933,true
1827273,4246.13,113.0,0.26612468,1758591967933,true
1827274,4246.05,51.0,0.12011163,1758591967933,true
1827275,4245.99,1.0,0.00235516,1758591967933,true
1827276,4245.95,87.0,0.20490114,1758591967933,true
1827277,4245.89,106.0,0.24965319,1758591967934,true
1827278,4245.71,92.0,0.21668931,1758591967934,true
1827279,4245.7,305.0,0.71837388,1758591967934,true
1827280,4245.57,1.0,0.00235539,1758591967934,true
1827281,4245.51,988.0,2.32716446,1758591967934,true
1827282,4248.83,93.0,0.21888378,1758591967940,true
1827283,4249.36,130.0,0.30592842,1758591989100,false
1827284,4249.36,132.0,0.31063501,1758591989100,false
1827285,4249.5,3.0,0.00705965,1758591989100,false
1827286,4249.85,1.0,0.00235302,1758591989105,false
1827287,4250.02,51.0,0.11999943,1758591989105,false
1827288,4250.21,150.0,0.35292373,1758591989105,false
1827289,4250.22,342.0,0.80466422,1758591989105,false
1827290,4250.5,51.0,0.11998588,1758591989110,false
1827291,4250.95,53.0,0.12467801,1758591989110,false
1827292,4250.98,119.0,0.27993545,1758591989110,false
1827293,4251.02,3.0,0.00705712,1758591989143,false
1827294,4251.11,1.0,0.00235232,1758591989143,false
1827295,4251.26,1.0,0.00235224,1758591989143,false
1827296,4251.53,1.0,0.00235209,1758591989143,false
1827297,4251.6,89.0,0.20933295,1758592068983,true
1827298,4251.87,500.0,1.17595316,1758592124228,true
1827299,4252.3,23.0,0.05408837,1758592144785,false
1827300,4252.3,91.0,0.21400183,1758592144786,false
1827301,4252.3,1.0,0.00235166,1758592144787,false
1827302,4250.65,205.0,0.48227918,1758592220239,true
1827303,4250.65,76.0,0.17879618,1758592220239,true
1827304,4250.65,219.0,0.51521532,1758592220239,true
1827305,4250.26,127.0,0.29880524,1758592220242,true
1827306,4250.26,100.0,0.23527972,1758592220243,true
1827307,4250.26,35.0,0.08234790,1758592220244,true
1827308,4250.19,1.0,0.00235283,1758592220250,true
1827309,4249.77,1.0,0.00235306,1758592220250,true
1827310,4249.15,28.0,0.06589553,1758592220414,true
1827311,4249.15,61.0,0.14355812,1758592220414,true
1827312,4249.15,1.0,0.00235341,1758592220418,true
1827313,4248.02,1.0,0.00235403,1758592222034,false
1827314,4248.08,90.0,0.21186041,1758592222034,false
1827315,4248.09,1405.0,3.30736872,1758592222034,false
1827316,4248.09,1.0,0.00235399,1758592237362,true
1827317,4245.37,123.0,0.28972739,1758592290678,true
1827318,4245.1,90.0,0.21200913,1758592290678,true
1827319,4245.09,3.0,0.00706698,1758592290678,true
1827320,4244.91,90.0,0.21201862,1758592290681,true
1827321,4244.8,124.0,0.29212212,1758592332345,true
1827322,4244.8,112.0,0.26385224,1758592332345,true
1827323,4244.8,130.0,0.30625706,1758592332345,true
1827324,4244.8,125.0,0.29447794,1758592332345,true
1827325,4244.62,3.0,0.00706777,1758592332345,true
1827326,4243.13,74.0,0.17439955,1758592335973,true
1827327,4243.13,41.0,0.09662678,1758592338300,true
1827328,4242.3,1.0,0.00235721,1758592343585,true
1827329,4241.66,44.0,0.10373297,1758592343588,true
1827330,4241.66,227.0,0.53516783,1758592343589,true
1827331,4241.66,61.0,0.14381162,1758592343589,true
1827332,4241.66,125.0,0.29469594,1758592343591,true
1827333,4241.66,437.0,1.03025702,1758592343592,true
1827334,4241.66,93.0,0.21925378,1758592343595,true
1827335,4241.66,138.0,0.32534432,1758592343595,true
1827336,4241.66,76.0,0.17917513,1758592343596,true
1827337,4241.66,330.0,0.77799729,1758592343596,true
1827338,4241.66,81.0,0.19096297,1758592346055,true
1827339,4241.43,2.0,0.00471539,1758592348486,true
1827340,4241.42,253.0,0.59649834,1758592348486,true
1827341,4240.17,12.0,0.02830075,1758592383351,true
1827342,4240.17,4.0,0.00943358,1758592383353,true
1827343,4240.18,257.0,0.60610634,1758592384375,false
1827344,4240.17,1.0,0.00235839,1758592384551,true
1827345,4240.17,128.0,0.30187468,1758592384551,true
1827346,4240.0,10.0,0.02358490,1758592384551,true
1827347,4239.79,20.0,0.04717214,1758592384794,false
1827348,4239.8,47.0,0.11085428,1758592384794,false
1827349,4239.8,130.0,0.30661823,1758592384840,false
1827350,4240.06,150.0,0.35376857,1758592384915,false
1827351,4240.07,276.0,0.65093264,1758592384915,false
1827352,4239.78,25.0,0.05896532,1758592385269,true
1827353,4239.78,114.0,0.26888187,1758592385269,true
1827354,4239.78,132.0,0.31133690,1758592385269,true
1827355,4239.78,114.0,0.26888187,1758592385269,true
1827356,4239.78,11.0,0.02594474,1758592385269,true
1827357,4239.16,3.0,0.00707687,1758592386578,true
1827358,4239.25,243.0,0.57321460,1758592389420,false
1827359,4239.5,150.0,0.35381530,1758592393428,false
1827360,4239.51,100.0,0.23587631,1758592393436,false
1827361,4240.27,500.0,1.17917019,1758592400692,false
1827362,4240.27,90.0,0.21225063,1758592400692,false
1827363,4240.5,90.0,0.21223912,1758592400692,false
1827364,4240.52,90.0,0.21223812,1758592400692,false
1827365,4240.61,1.0,0.00235815,1758592400697,false
1827366,4241.03,1.0,0.00235791,1758592400697,false
1827367,4241.13,54.0,0.12732455,1758592400699,false
1827368,4241.21,74.0,0.17447850,1758592400721,false
1827369,4240.54,90.0,0.21223712,1758592409747,false
1827370,4240.54,98.0,0.23110264,1758592409747,false
1827371,4240.54,30.0,0.07074570,1758592409748,false
1827372,4240.54,306.0,0.72160621,1758592409748,false
1827373,4240.54,66.0,0.15564055,1758592409748,false
1827374,4240.54,121.0,0.28534101,1758592444063,false
1827375,4240.54,1.0,0.00235819,1758592444063,false
1827376,4240.64,49.0,0.11554859,1758592444063,false
1827377,4240.54,87.0,0.20516255,1758592444509,false
1827378,4240.54,39.0,0.09196941,1758592444539,false
1827379,4240.54,1.0,0.00235819,1758592444539,false
1827380,4240.63,5.0,0.01179070,1758592444539,false
1827381,4240.54,1.0,0.00235819,1758592444653,false
1827382,4240.65,150.0,0.35371935,1758592444653,false
1827383,4240.66,125.0,0.29476543,1758592444653,false
1827384,4241.79,119.0,0.28054194,1758592457336,true
1827385,4241.4,8.0,0.01886169,1758592457497,false
1827386,4240.98,150.0,0.35369183,1758592484531,true
1827387,4240.9,1.0,0.00235799,1758592484531,true
1827388,4240.81,42.0,0.09903768,1758592484532,true
1827389,4240.0,84.0,0.19811320,1758592523383,true
1827390,4239.02,1.0,0.00235903,1758592528096,true
1827391,4240.95,1.0,0.00235796,1758592586513,true
1827392,4240.23,115.0,0.27121170,1758592636668,false
1827393,4239.28,40.0,0.09435564,1758592643937,true
1827394,4238.77,500.0,1.17958747,1758592645038,false
1827395,4239.29,53.0,0.12502093,1758592645039,false
1827396,4239.91,160.0,0.37736650,1758592645040,false
1827397,4240.32,114.0,0.26884763,1758592645045,false
1827398,4240.38,53.0,0.12498879,1758592645045,false
1827399,4240.94,52.0,0.12261432,1758592645056,false
1827400,4241.45,1.0,0.00235768,1758592645088,false
1827401,4241.87,1.0,0.00235745,1758592645097,false
1827402,4242.29,1.0,0.00235721,1758592645100,false
1827403,4240.95,1.0,0.00235796,1758592660682,true
1827404,4239.5,3.0,0.00707630,1758592714499,false
1827405,4240.11,413.0,0.97403133,1758592714654,true
1827406,4238.23,1.0,0.00235947,1758592725210,true
1827407,4238.23,79.0,0.18639856,1758592725210,true
1827408,4238.6,150.0,0.35389043,1758592743878,false
1827409,4238.72,416.0,0.98142835,1758592743880,false
1827410,4238.65,127.0,0.29962370,1758592753131,true
1827411,4238.65,120.0,0.28310900,1758592753131,true
1827412,4238.65,129.0,0.30434218,1758592753131,true
1827413,4237.96,6.0,0.01415775,1758592753588,true
1827414,4237.96,1.0,0.00235962,1758592753708,true
1827415,4237.28,26.0,0.06136011,1758592753739,true
1827416,4237.28,35.0,0.08260015,1758592763134,true
1827417,4237.28,1.0,0.00236000,1758592763134,true
1827418,4237.25,419.0,0.98884889,1758592763135,true
1827419,4237.27,131.0,0.30916132,1758592764168,true
1827420,4237.13,85.0,0.20060748,1758592764168,true
1827421,4245.09,3.0,0.00706698,1758592871613,false
1827422,4246.0,42.0,0.09891662,1758592879504,false
1827423,4246.23,48.0,0.11304145,1758592880038,false
1827424,4246.23,12.0,0.02826036,1758592880041,false
1827425,4246.23,1.0,0.00235503,1758592880044,false
1827426,4245.64,1.0,0.00235535,1758592932231,true
1827427,4245.15,2.0,0.00471125,1758592932231,true
1827428,4244.73,121.0,0.28505935,1758592933629,true
1827429,4244.73,107.0,0.25207728,1758592933629,true
1827430,4244.73,1.0,0.00235586,1758592933629,true
1827431,4244.73,16.0,0.03769379,1758592933629,true
1827432,4241.8,113.0,0.26639634,1758592953742,false
1827433,4241.8,1.0,0.00235748,1758592953742,false
1827434,4242.63,1.0,0.00235702,1758592966871,true
1827435,4242.63,1.0,0.00235702,1758592966871,true
1827436,4242.57,500.0,1.17853093,1758592966871,true
1827437,4242.21,1.0,0.00235726,1758592966871,true
1827438,4241.99,51.0,0.12022659,1758592966871,true
1827439,4241.81,78.0,0.18388376,1758592966871,true
1827440,4241.8,258.0,0.60823235,1758592966871,true
1827441,4241.79,1.0,0.00235749,1758592966871,true
1827442,4241.52,51.0,0.12023991,1758592966871,true
1827443,4241.47,79.0,0.18625618,1758592966871,true
1827444,4241.46,263.0,0.62006950,1758592966871,true
1827445,4241.37,1.0,0.00235772,1758592966871,true
1827446,4241.36,20.0,0.04715468,1758592966872,true
1827447,4241.3,134.0,0.31594086,1758592966872,true
1827448,4241.05,53.0,0.12496905,1758592966872,true
1827449,4240.95,1.0,0.00235796,1758592966872,true
1827450,4240.89,1.0,0.00235799,1758592966872,true
1827451,4240.85,195.0,0.45981348,1758592966872,true
1827452,4240.61,54.0,0.12734017,1758592966872,true
1827453,4240.53,1.0,0.00235819,1758592966872,true
1827454,4240.17,78.0,0.18395488,1758592966872,true
1827455,4240.15,35.0,0.08254424,1758592966872,true
1827456,4239.16,3.0,0.00707687,1758593055484,true
1827457,4237.99,3.0,0.00707882,1758593055911,false
1827458,4237.28,38.0,0.08968017,1758593084693,true
1827459,4237.28,22.0,0.05192009,1758593084693,true
1827460,4237.28,1.0,0.00236000,1758593084693,true
1827461,4236.78,1.0,0.00236028,1758593084999,true
1827462,4236.68,69.0,0.16286337,1758593084999,true
1827463,4236.07,126.0,0.29744550,1758593085342,true
1827464,4235.5,90.0,0.21248967,1758593085389,true
1827465,4235.49,1.0,0.00236100,1758593085394,true
1827466,4236.45,20.0,0.04720933,1758593086811,false
1827467,4237.34,19.0,0.04483945,1758593092021,false
1827468,4238.85,1.0,0.00235913,1758593096114,false
1827469,4238.85,1.0,0.00235913,1758593096114,false
1827470,4242.21,129.0,0.30408678,1758593116508,true
1827471,4242.21,133.0,0.31351583,1758593116508,true
1827472,4242.21,115.0,0.27108511,1758593116508,true
1827473,4242.21,5.0,0.01178630,1758593116508,true
1827474,4240.6,123.0,0.29005329,1758593139070,true
1827475,4240.6,306.0,0.72159600,1758593139070,true
1827476,4240.6,70.0,0.16507098,1758593139071,true
1827477,4240.6,1.0,0.00235815,1758593139071,true
1827478,4243.26,90.0,0.21210107,1758593167199,false
1827479,4243.27,90.0,0.21210057,1758593167199,false
1827480,4243.65,19.0,0.04477277,1758593167212,false
1827481,4243.65,1.0,0.00235646,1758593167214,false
1827482,4243.73,37.0,0.08718745,1758593167214,false
1827483,4243.73,25.0,0.05891043,1758593167217,false
1827484,4243.73,94.0,0.22150325,1758593167218,false
1827485,4243.89,70.0,0.16494301,1758593167224,false
1827486,4243.89,51.0,0.12017276,1758593167224,false
1827487,4243.89,1.0,0.00235632,1758593167227,false
1827488,4243.89,79.0,0.18614997,1758593167249,false
1827489,4243.97,1.0,0.00235628,1758593167249,false
1827490,4245.08,1.0,0.00235566,1758593183946,false
1827491,4245.09,3.0,0.00706698,1758593183947,false
1827492,4246.23,48.0,0.11304145,1758593229223,false
1827493,4246.23,12.0,0.02826036,1758593229226,false
1827494,4245.02,375.0,0.88338806,1758593239389,true
1827495,4246.23,1.0,0.00235503,1758593252111,false
1827496,4244.72,3.0,0.00706760,1758593331244,true
1827497,4246.46,133.0,0.31320205,1758593362793,false
1827498,4246.46,90.0,0.21194124,1758593362793,false
1827499,4246.54,90.0,0.21193724,1758593362793,false
1827500,4246.55,150.0,0.35322791,1758593362793,false
1827501,4246.55,90.0,0.21193674,1758593362793,false
1827502,4246.56,500.0,1.17742360,1758593362793,false
1827503,4246.91,1.0,0.00235465,1758593362793,false
1827504,4246.95,6.0,0.01412778,1758593362793,false
1827505,4247.64,1.0,0.00235424,1758593394036,false
1827506,4248.09,69.0,0.16242593,1758593394036,false
1827507,4248.46,25.0,0.05884485,1758593400228,false
1827508,4248.59,1.0,0.00235372,1758593400229,false
1827509,4249.0,42.0,0.09884678,1758593400930,false
1827510,4249.01,1.0,0.00235348,1758593400930,false
1827511,4249.32,1.0,0.00235331,1758593401694,false
1827512,4249.32,15.0,0.03529976,1758593401860,false
1827513,4249.32,1.0,0.00235331,1758593406319,false
1827514,4249.32,90.0,0.21179859,1758593406319,false
1827515,4249.62,133.0,0.31296915,1758593406329,false
1827516,4249.62,367.0,0.86360662,1758593406329,false
1827517,4249.72,3.0,0.00705928,1758593406352,false
1827518,4249.74,90.0,0.21177766,1758593406352,false
1827519,4250.32,2.0,0.00470552,1758593408239,false
1827520,4251.02,3.0,0.00705712,1758593429978,false
1827521,4251.26,1.0,0.00235224,1758593429978,false
1827522,4252.3,115.0,0.27044187,1758593429981,false
1827523,4253.38,1.0,0.00235107,1758593434132,false
1827524,4253.47,126.0,0.29622872,1758593434132,false
1827525,4251.73,62.0,0.14582299,1758593461331,false
1827526,4254.53,34.0,0.07991482,1758593485338,false
1827527,4254.53,51.0,0.11987223,1758593485338,false
1827528,4254.72,1.0,0.00235033,1758593485464,true
1827529,4254.72,20.0,0.04700661,1758593485464,true
1827530,4254.72,29.0,0.06815959,1758593485464,true
1827531,4255.2,41.0,0.09635269,1758593507906,false
1827532,4255.2,14.0,0.03290092,1758593507911,false
1827533,4255.2,6.0,0.01410039,1758593509341,false
1827534,4256.0,41.0,0.09633458,1758593514664,false
1827535,4256.0,1.0,0.00234962,1758593515373,false
1827536,4256.29,1.0,0.00234946,1758593516728,false
1827537,4256.97,3.0,0.00704726,1758593518112,false
1827538,4257.16,25.0,0.05872459,1758593519397,false
1827539,4257.16,10.0,0.02348983,1758593520422,true
1827540,4256.49,1.0,0.00234935,1758593520964,false
1827541,4252.46,21.0,0.04938318,1758593572120,true
1827542,4252.46,479.0,1.12640683,1758593572120,true
1827543,4252.05,121.0,0.28456861,1758593595607,false
1827544,4251.93,101.0,0.23753918,1758593648149,true
1827545,4251.02,3.0,0.00705712,1758593722466,true
1827546,4250.63,11.0,0.02587851,1758593722466,true
1827547,4248.46,24.0,0.05649105,1758593744653,true
1827548,4248.46,1.0,0.00235379,1758593745270,true
1827549,4247.64,1.0,0.00235424,1758593875012,true
1827550,4246.23,60.0,0.14130181,1758593880576,true
1827551,4246.23,1.0,0.00235503,1758593921999,true
1827552,4245.09,3.0,0.00706698,1758593946006,true
1827553,4245.08,1.0,0.00235566,1758593946006,true
1827554,4245.01,2.0,0.00471141,1758593946006,true
1827555,4250.77,1.0,0.00235251,1758594034652,true
1827556,4250.37,500.0,1.17636817,1758594034657,true
1827557,4247.27,150.0,0.35316803,1758594051731,false
1827558,4246.45,113.0,0.26610462,1758594068823,true
1827559,4245.13,1.0,0.00235564,1758594070533,true
1827560,4245.01,1.0,0.00235570,1758594070552,true
1827561,4244.31,125.0,0.29451194,1758594101252,true
1827562,4244.31,124.0,0.29215585,1758594101252,true
1827563,4244.31,114.0,0.26859489,1758594101252,true
1827564,4244.31,130.0,0.30629242,1758594101252,true
1827565,4245.79,90.0,0.21197468,1758594130583,true
1827566,4245.79,1.0,0.00235527,1758594130583,true
1827567,4245.6,90.0,0.21198417,1758594130583,true
1827568,4245.59,499.0,1.17533723,1758594130583,true
1827569,4243.13,114.0,0.26866959,1758594134760,true
1827570,4243.13,1.0,0.00235675,1758594134762,true
1827571,4242.3,1.0,0.00235721,1758594188692,true
1827572,4241.77,1.0,0.00235750,1758594194085,false
1827573,4241.88,164.0,0.38662102,1758594194086,false
1827574,4243.13,1.0,0.00235675,1758594194111,false
1827575,4244.57,125.0,0.29449390,1758594199717,true
1827576,4243.91,1.0,0.00235631,1758594237365,true
1827577,4243.9,99.0,0.23327599,1758594237365,true
1827578,4241.79,1.0,0.00235749,1758594263357,true
1827579,4242.22,90.0,0.21215307,1758594273785,true
1827580,4241.79,1.0,0.00235749,1758594273787,true
1827581,4241.44,75.0,0.17682673,1758594273787,true
1827582,4241.44,15.0,0.03536534,1758594273787,true
1827583,4241.43,2.0,0.00471539,1758594273787,true
1827584,4241.35,193.0,0.45504379,1758594273787,true
1827585,4241.29,216.0,0.50927901,1758594273787,true
1827586,4240.95,1.0,0.00235796,1758594273802,true
1827587,4240.89,1.0,0.00235799,1758594273805,true
1827588,4240.17,16.0,0.03773433,1758594274878,true
1827589,4240.17,1.0,0.00235839,1758594293909,true
1827590,4239.78,24.0,0.05660671,1758594293973,true
1827591,4239.78,1.0,0.00235861,1758594294004,true
1827592,4239.16,3.0,0.00707687,1758594294337,true
1827593,4239.02,1.0,0.00235903,1758594294337,true
1827594,4238.69,161.0,0.37983433,1758594301670,false
1827595,4238.0,42.0,0.09910335,1758594309542,true
1827596,4239.96,1.0,0.00235851,1758594336582,true
1827597,4238.4,1.0,0.00235938,1758594345291,false
1827598,4239.74,1.0,0.00235863,1758594356450,false
1827599,4239.36,1.0,0.00235884,1758594365606,true
1827600,4238.44,24.0,0.05662460,1758594383705,false
1827601,4237.61,1.0,0.00235982,1758594390645,false
1827602,4238.53,26.0,0.06134202,1758594411790,false
1827603,4238.24,130.0,0.30673109,1758594423090,false
1827604,4238.24,1.0,0.00235946,1758594423090,false
1827605,4238.24,241.0,0.56863226,1758594426682,true
1827606,4238.24,228.0,0.53795915,1758594426682,true
1827607,4237.61,90.0,0.21238386,1758594426736,true
1827608,4237.61,132.0,0.31149633,1758594426737,true
1827609,4237.61,134.0,0.31621598,1758594426737,true
1827610,4237.61,126.0,0.29733741,1758594426737,true
1827611,4237.6,3.0,0.00707947,1758594426737,true
1827612,4237.28,61.0,0.14396027,1758594444155,true
1827613,4237.13,85.0,0.20060748,1758594444155,true
1827614,4236.78,1.0,0.00236028,1758594470434,true
1827615,4236.68,68.0,0.16050303,1758594470434,true
1827616,4236.68,1.0,0.00236033,1758594470434,true
1827617,4236.07,126.0,0.29744550,1758594471494,true
1827618,4235.18,124.0,0.29278566,1758594474153,true
1827619,4235.18,124.0,0.29278566,1758594474153,true
1827620,4235.0,125.0,0.29515938,1758594474508,true
1827621,4235.0,1.0,0.00236127,1758594474508,true
1827622,4233.99,114.0,0.26924957,1758594499620,true
1827623,4233.99,1.0,0.00236183,1758594499620,true
1827624,4233.68,3.0,0.00708603,1758594499731,true
1827625,4233.36,1.0,0.00236218,1758594499738,true
1827626,4233.24,3.0,0.00708677,1758594500353,true
1827627,4232.55,2.0,0.00472528,1758594500417,true
1827628,4232.97,114.0,0.26931445,1758594504574,true
1827629,4232.97,129.0,0.30475056,1758594504574,true
1827630,4232.97,9.0,0.02126166,1758594504575,true
1827631,4232.97,53.0,0.12520759,1758594504575,true
1827632,4232.97,2.0,0.00472481,1758594504575,true
1827633,4232.14,1.0,0.00236287,1758594517294,false
1827634,4233.67,9.0,0.02125815,1758594544378,false
1827635,4233.19,1.0,0.00236228,1758594549483,true
1827636,4231.72,50.0,0.11815526,1758594573161,true
1827637,4231.51,20.0,0.04726445,1758594579812,false
1827638,4231.51,1.0,0.00236322,1758594580551,true
1827639,4231.29,1.0,0.00236334,1758594580551,true
1827640,4231.12,60.0,0.14180642,1758594580551,true
1827641,4234.6,1.0,0.00236149,1758594604597,false
1827642,4234.53,26.0,0.06139996,1758594606176,false
1827643,4234.5,2.0,0.00472310,1758594631049,false
1827644,4234.5,38.0,0.08973904,1758594631049,false
1827645,4233.4,1.0,0.00236216,1758594645033,false
1827646,4233.4,1.0,0.00236216,1758594645033,false
1827647,4233.4,1.0,0.00236216,1758594645033,false
1827648,4233.4,1.0,0.00236216,1758594645033,false
1827649,4233.4,1.0,0.00236216,1758594645033,false
1827650,4233.4,1.0,0.00236216,1758594645033,false
1827651,4233.4,1.0,0.00236216,1758594645033,false
1827652,4233.4,1.0,0.00236216,1758594645033,false
1827653,4233.4,1.0,0.00236216,1758594645033,false
1827654,4233.4,1.0,0.00236216,1758594645033,false
1827655,4233.4,1.0,0.00236216,1758594645033,false
1827656,4233.4,1.0,0.00236216,1758594645033,false
1827657,4233.4,1.0,0.00236216,1758594645033,false
1827658,4233.4,1.0,0.00236216,1758594645033,false
1827659,4233.4,1.0,0.00236216,1758594645033,false
1827660,4233.4,1.0,0.00236216,1758594645033,false
1827661,4233.4,1.0,0.00236216,1758594645033,false
1827662,4233.4,1.0,0.00236216,1758594645033,false
1827663,4233.4,1.0,0.00236216,1758594645033,false
1827664,4233.4,1.0,0.00236216,1758594645033,false
1827665,4233.4,1.0,0.00236216,1758594645033,false
1827666,4233.4,1.0,0.00236216,1758594645034,false
1827667,4233.4,1.0,0.00236216,1758594645034,false
1827668,4233.4,1.0,0.00236216,1758594645034,false
1827669,4233.4,1.0,0.00236216,1758594645034,false
1827670,4233.4,1.0,0.00236216,1758594645034,false
1827671,4233.4,1.0,0.00236216,1758594645034,false
1827672,4233.4,1.0,0.00236216,1758594645034,false
1827673,4233.4,1.0,0.00236216,1758594645034,false
1827674,4233.4,1.0,0.00236216,1758594645034,false
1827675,4233.4,1.0,0.00236216,1758594645034,false
1827676,4233.4,1.0,0.00236216,1758594645034,false
1827677,4233.4,1.0,0.00236216,1758594645034,false
1827678,4233.4,1.0,0.00236216,1758594645034,false
1827679,4233.4,1.0,0.00236216,1758594645034,false
1827680,4233.4,1.0,0.00236216,1758594645034,false
1827681,4233.4,1.0,0.00236216,1758594645034,false
1827682,4233.4,1.0,0.00236216,1758594645034,false
1827683,4233.4,1.0,0.00236216,1758594645034,false
1827684,4233.4,1.0,0.00236216,1758594645034,false
1827685,4233.4,1.0,0.00236216,1758594645034,false
1827686,4233.4,1.0,0.00236216,1758594645034,false
1827687,4233.4,1.0,0.00236216,1758594645034,false
1827688,4233.4,1.0,0.00236216,1758594645034,false
1827689,4233.4,1.0,0.00236216,1758594645034,false
1827690,4233.4,1.0,0.00236216,1758594645034,false
1827691,4233.4,1.0,0.00236216,1758594645034,false
1827692,4233.4,1.0,0.00236216,1758594645034,false
1827693,4233.4,1.0,0.00236216,1758594645035,false
1827694,4233.4,1.0,0.00236216,1758594645035,false
1827695,4233.4,1.0,0.00236216,1758594645035,false
1827696,4233.4,1.0,0.00236216,1758594645035,false
1827697,4233.4,1.0,0.00236216,1758594645035,false
1827698,4233.4,1.0,0.00236216,1758594645035,false
1827699,4233.4,1.0,0.00236216,1758594645035,false
1827700,4233.4,1.0,0.00236216,1758594645035,false
1827701,4233.4,1.0,0.00236216,1758594645035,false
1827702,4233.4,1.0,0.00236216,1758594645035,false
1827703,4233.4,1.0,0.00236216,1758594645035,false
1827704,4233.4,1.0,0.00236216,1758594645035,false
1827705,4233.4,1.0,0.00236216,1758594645035,false
1827706,4233.4,1.0,0.00236216,1758594645035,false
1827707,4233.4,1.0,0.00236216,1758594645035,false
1827708,4233.4,1.0,0.00236216,1758594645035,false
1827709,4233.4,1.0,0.00236216,1758594645035,false
1827710,4233.4,1.0,0.00236216,1758594645035,false
1827711,4233.4,1.0,0.00236216,1758594645035,false
1827712,4233.4,1.0,0.00236216,1758594645035,false
1827713,4233.4,1.0,0.00236216,1758594645035,false
1827714,4233.4,1.0,0.00236216,1758594645035,false
1827715,4233.4,1.0,0.00236216,1758594645035,false
1827716,4233.4,1.0,0.00236216,1758594645035,false
1827717,4233.4,1.0,0.00236216,1758594645035,false
1827718,4233.4,1.0,0.00236216,1758594645035,false
1827719,4233.4,1.0,0.00236216,1758594645035,false
1827720,4233.4,1.0,0.00236216,1758594645035,false
1827721,4233.4,1.0,0.00236216,1758594645035,false
1827722,4233.4,1.0,0.00236216,1758594645035,false
1827723,4233.4,1.0,0.00236216,1758594645036,false
1827724,4233.4,1.0,0.00236216,1758594645036,false
1827725,4233.4,1.0,0.00236216,1758594645036,false
1827726,4233.4,1.0,0.00236216,1758594645036,false
1827727,4233.4,1.0,0.00236216,1758594645036,false
1827728,4233.4,1.0,0.00236216,1758594645036,false
1827729,4233.4,1.0,0.00236216,1758594645036,false
1827730,4233.4,1.0,0.00236216,1758594645036,false
1827731,4233.4,1.0,0.00236216,1758594645036,false
1827732,4233.4,1.0,0.00236216,1758594645036,false
1827733,4233.4,1.0,0.00236216,1758594645036,false
1827734,4233.4,1.0,0.00236216,1758594645036,false
1827735,4233.4,1.0,0.00236216,1758594645036,false
1827736,4233.4,1.0,0.00236216,1758594645036,false
1827737,4233.4,1.0,0.00236216,1758594645036,false
1827738,4233.4,1.0,0.00236216,1758594645036,false
1827739,4233.4,1.0,0.00236216,1758594645036,false
1827740,4233.4,1.0,0.00236216,1758594645036,false
1827741,4233.4,1.0,0.00236216,1758594645036,false
1827742,4233.4,1.0,0.00236216,1758594645036,false
1827743,4233.4,1.0,0.00236216,1758594645036,false
1827744,4233.4,1.0,0.00236216,1758594645036,false
1827745,4232.08,425.0,1.00423432,1758594653035,false
1827746,4233.47,1.0,0.00236212,1758594653200,false
1827747,4236.18,50.0,0.11803086,1758594700650,false
1827748,4235.49,1.0,0.00236100,1758594722606,true
1827749,4235.19,82.0,0.19361587,1758594722606,true
1827750,4234.65,26.0,0.06139822,1758594728236,true
1827751,4232.13,1.0,0.00236287,1758594736799,true
1827752,4231.71,1.0,0.00236311,1758594736801,true
1827753,4231.67,92.0,0.21740825,1758594736801,true
1827754,4231.11,25.0,0.05908614,1758594737685,true
1827755,4231.05,17.0,0.04017915,1758594737685,true
1827756,4230.76,123.0,0.29072790,1758594737692,true
1827757,4230.76,53.0,0.12527300,1758594737692,true
1827758,4230.41,1.0,0.00236383,1758594737775,true
1827759,4230.0,9.0,0.02127659,1758594737828,true
1827760,4230.0,1.0,0.00236406,1758594737852,true
1827761,4229.95,1.0,0.00236409,1758594737886,true
1827762,4230.0,41.0,0.09692671,1758594761873,true
1827763,4230.0,1.0,0.00236406,1758594763103,true
1827764,4229.92,2.0,0.00472822,1758594763137,true
1827765,4229.84,20.0,0.04728311,1758594767100,false
1827766,4229.84,70.0,0.16549089,1758594767100,false
1827767,4230.12,90.0,0.21275992,1758594767101,false
1827768,4230.25,135.0,0.31913007,1758594768522,true
1827769,4230.25,136.0,0.32149400,1758594768522,true
1827770,4230.25,113.0,0.26712369,1758594768522,true
1827771,4230.25,41.0,0.09692098,1758594768522,true
1827772,4230.25,8.0,0.01891141,1758594768522,true
1827773,4229.62,90.0,0.21278507,1758594799342,true
1827774,4229.54,90.0,0.21278909,1758594799342,true
1827775,4229.03,111.0,0.26247153,1758594801327,false
1827776,4230.01,1.0,0.00236406,1758594806158,true
1827777,4229.88,26.0,0.06146746,1758594806159,true
1827778,4230.33,26.0,0.06146092,1758594824228,false
1827779,4228.51,1.0,0.00236489,1758594851901,true
1827780,4228.35,60.0,0.14189932,1758594851906,true
1827781,4228.35,1.0,0.00236498,1758594851906,true
1827782,4227.33,3.0,0.00709667,1758594863606,true
1827783,4228.28,143.0,0.33819898,1758594877017,false
1827784,4229.41,5.0,0.01182197,1758594897592,false
1827785,4230.37,1.0,0.00236385,1758594901206,false
1827786,4230.37,14.0,0.03309403,1758594901206,false
1827787,4232.27,1.0,0.00236279,1758594908900,false
1827788,4232.49,1.0,0.00236267,1758594908900,false
1827789,4232.49,2.0,0.00472535,1758594908900,false
1827790,4231.27,150.0,0.35450349,1758594920841,false
1827791,4231.29,248.0,0.58610967,1758594920841,false
1827792,4233.24,3.0,0.00708677,1758594931893,false
1827793,4234.5,3.0,0.00708466,1758594957366,false
1827794,4236.78,1.0,0.00236028,1758594965376,false
1827795,4236.7,1.0,0.00236032,1758594967176,true
1827796,4234.23,1.0,0.00236170,1758595050715,true
1827797,4233.82,4.0,0.00944773,1758595057626,false
1827798,4233.47,1.0,0.00236212,1758595085629,false
1827799,4232.98,1.0,0.00236240,1758595087456,false
1827800,4232.98,120.0,0.28348822,1758595088717,false
1827801,4233.47,1.0,0.00236212,1758595088717,false
1827802,4233.63,80.0,0.18896313,1758595088717,false
1827803,4233.81,80.0,0.18895510,1758595088717,false
1827804,4233.83,53.0,0.12518216,1758595088717,false
1827805,4233.89,1.0,0.00236189,1758595088717,false
1827806,4234.31,1.0,0.00236165,1758595088726,false
1827807,4234.46,26.0,0.06140098,1758595091285,false
1827808,4234.24,112.0,0.26451027,1758595099981,false
1827809,4234.73,1.0,0.00236142,1758595099988,false
1827810,4235.15,1.0,0.00236119,1758595099988,false
1827811,4235.57,1.0,0.00236095,1758595099988,false
1827812,4235.75,64.0,0.15109484,1758595099988,false
1827813,4235.75,2.0,0.00472171,1758595099991,false
1827814,4235.93,70.0,0.16525296,1758595099991,false
1827815,4235.99,1.0,0.00236072,1758595099991,false
1827816,4236.7,13.0,0.03068425,1758595103767,true
1827817,4236.02,121.0,0.28564548,1758595106593,false
1827818,4236.95,1.0,0.00236018,1758595106598,false
1827819,4237.28,61.0,0.14396027,1758595106598,false
1827820,4236.95,55.0,0.12981035,1758595106604,false
1827821,4237.13,62.0,0.14632546,1758595106605,false
1827822,4237.13,131.0,0.30917153,1758595106606,false
1827823,4235.07,1.0,0.00236123,1758595180423,true
1827824,4234.65,1.0,0.00236147,1758595180423,true
1827825,4234.53,1.0,0.00236153,1758595180423,true
1827826,4236.08,1.0,0.00236067,1758595233547,true
1827827,4234.23,1.0,0.00236170,1758595424395,true
1827828,4234.23,34.0,0.08029795,1758595424395,true
1827829,4234.23,1.0,0.00236170,1758595424396,true
1827830,4233.39,1.0,0.00236217,1758595472812,true
1827831,4233.81,1.0,0.00236193,1758595513186,true
1827832,4230.45,1.0,0.00236381,1758595564109,true
1827833,4230.29,1.0,0.00236390,1758595564109,true
1827834,4230.03,1.0,0.00236404,1758595564113,true
1827835,4229.95,1.0,0.00236409,1758595564113,true
1827836,4229.61,1.0,0.00236428,1758595566636,true
1827837,4228.78,3.0,0.00709424,1758595580043,true
1827838,4228.51,1.0,0.00236489,1758595594508,true
1827839,4228.35,60.0,0.14189932,1758595601074,true
1827840,4228.35,1.0,0.00236498,1758595609288,true
1827841,4228.77,127.0,0.30032373,1758595690269,true
1827842,4228.77,126.0,0.29795898,1758595690269,true
1827843,4228.77,46.0,0.10877867,1758595690269,true
1827844,4228.77,7.0,0.01655327,1758595690269,true
1827845,4228.44,4.0,0.00945975,1758595696148,false
1827846,4229.2,4.0,0.00945805,1758595745895,true
1827847,4229.19,1.0,0.00236451,1758595745895,true
1827848,4227.33,3.0,0.00709667,1758595760682,true
1827849,4227.09,1.0,0.00236569,1758595760683,true
1827850,4227.0,454.0,1.07404778,1758595760683,true
1827851,4227.0,246.0,0.58197303,1758595760683,true
1827852,4228.76,21.0,0.04965994,1758595795773,true
1827853,4229.97,126.0,0.29787445,1758595946888,true
1827854,4229.97,123.0,0.29078220,1758595946888,true
1827855,4226.67,23.0,0.05441636,1758595999523,true
1827856,4226.67,27.0,0.06388007,1758595999523,true
1827857,4226.47,1.0,0.00236604,1758596006722,true
1827858,4226.22,500.0,1.18309032,1758596006722,true
1827859,4226.02,51.0,0.12068092,1758596006722,true
1827860,4225.83,26.0,0.06152637,1758596006728,true
1827861,4225.29,69.0,0.16330240,1758596006807,true
1827862,4224.86,115.0,0.27219836,1758596006825,true
1827863,4224.44,1.0,0.00236717,1758596006847,true
1827864,4224.15,1.0,0.00236734,1758596006848,true
1827865,4223.93,1.0,0.00236746,1758596006850,true
1827866,4223.73,1.0,0.00236757,1758596006850,true
1827867,4223.7,2.0,0.00473518,1758596006852,true
1827868,4222.96,1.0,0.00236800,1758596007366,true
1827869,4222.46,25.0,0.05920719,1758596031885,true
1827870,4222.46,112.0,0.26524822,1758596031885,true
1827871,4223.04,149.0,0.35282639,1758596036769,false
1827872,4222.47,1.0,0.00236828,1758596039824,true
1827873,4221.94,17.0,0.04026584,1758596039837,true
1827874,4221.82,1.0,0.00236864,1758596041069,true
1827875,4221.42,3.0,0.00710661,1758596041876,true
1827876,4220.97,54.0,0.12793267,1758596041928,true
1827877,4220.97,476.0,1.12770287,1758596041943,true
1827878,4220.97,240.0,0.56858968,1758596041944,true
1827879,4220.97,44.0,0.10424144,1758596041944,true
1827880,4220.97,420.0,0.99503194,1758596041944,true
1827881,4220.97,183.0,0.43354963,1758596041944,true
1827882,4220.97,117.0,0.27718747,1758596041944,true
1827883,4220.97,65.0,0.15399303,1758596041944,true
1827884,4220.97,13.0,0.03079860,1758596041944,true
1827885,4220.78,500.0,1.18461516,1758596043085,false
1827886,4222.89,136.0,0.32205432,1758596058723,true
1827887,4222.89,114.0,0.26995730,1758596058723,true
1827888,4222.89,112.0,0.26522121,1758596058723,true
1827889,4222.9,128.0,0.30310923,1758596065612,true
1827890,4220.93,378.0,0.89553723,1758596086501,false
1827891,4220.93,122.0,0.28903582,1758596086501,false
1827892,4221.21,1.0,0.00236898,1758596091030,true
1827893,4220.25,1.0,0.00236952,1758596091175,true
1827894,4220.0,9.0,0.02132701,1758596091175,true
1827895,4220.0,1.0,0.00236966,1758596091187,true
1827896,4220.44,133.0,0.31513301,1758596093021,true
1827897,4219.8,85.0,0.20143134,1758596093021,true
1827898,4219.53,1.0,0.00236993,1758596093021,true
1827899,4219.44,61.0,0.14456894,1758596093021,true
1827900,4219.26,166.0,0.39343391,1758596093022,true
1827901,4219.25,457.0,1.08313088,1758596093022,true
1827902,4219.21,80.0,0.18960895,1758596095659,false
1827903,4219.22,11.0,0.02607116,1758596095659,false
1827904,4219.22,274.0,0.64940913,1758596095660,false
1827905,4219.11,4.0,0.00948067,1758596098050,true
1827906,4218.73,126.0,0.29866808,1758596101007,true
1827907,4218.41,1.0,0.00237056,1758596101010,true
1827908,4217.67,126.0,0.29874314,1758596101024,true
1827909,4217.57,1.0,0.00237103,1758596101025,true
1827910,4217.43,1.0,0.00237111,1758596101025,true
1827911,4217.01,1.0,0.00237134,1758596101036,true
1827912,4216.59,1.0,0.00237158,1758596101069,true
1827913,4216.33,41.0,0.09724096,1758596101069,true
1827914,4216.33,22.0,0.05217807,1758596101069,true
1827915,4215.98,1.0,0.00237192,1758596101754,true
1827916,4215.76,115.0,0.27278592,1758596101760,true
1827917,4215.54,1.0,0.00237217,1758596101936,true
1827918,4215.53,2.0,0.00474436,1758596101936,true
1827919,4215.53,1.0,0.00237218,1758596101936,true
1827920,4215.45,1.0,0.00237222,1758596101937,true
1827921,4215.43,52.0,0.12335633,1758596102621,false
1827922,4215.43,1.0,0.00237223,1758596102623,false
1827923,4215.61,52.0,0.12335106,1758596102645,false
1827924,4215.61,1.0,0.00237213,1758596102646,false
1827925,4215.82,44.0,0.10436878,1758596103200,false
1827926,4215.82,106.0,0.25143388,1758596103200,false
1827927,4216.23,91.0,0.21583262,1758596103785,false
1827928,4217.65,1.0,0.00237098,1758596106419,false
1827929,4217.93,1.0,0.00237083,1758596106419,false
1827930,4217.84,9.0,0.02133793,1758596108333,false
1827931,4217.84,234.0,0.55478633,1758596108333,false
1827932,4217.84,51.0,0.12091497,1758596108333,false
1827933,4217.04,1.0,0.00237133,1758596115862,true
1827934,4216.17,1.0,0.00237182,1758596118846,true
1827935,4215.15,5.0,0.01186197,1758596121371,false
1827936,4215.15,38.0,0.09015100,1758596121371,false
1827937,4215.86,500.0,1.18599763,1758596127857,false
1827938,4215.86,123.0,0.29175541,1758596127857,false
1827939,4216.67,1.0,0.00237153,1758596127868,false
1827940,4217.09,1.0,0.00237130,1758596127874,false
1827941,4217.42,21.0,0.04979347,1758596127879,false
1827942,4217.42,210.0,0.49793475,1758596127879,false
1827943,4217.42,87.0,0.20628725,1758596127880,false
1827944,4217.42,34.0,0.08061800,1758596127881,false
1827945,4217.65,1.0,0.00237098,1758596129788,false
1827946,4221.42,3.0,0.00710661,1758596145367,false
1827947,4222.47,1.0,0.00236828,1758596161144,true
1827948,4222.7,6.0,0.01420891,1758596175455,true
1827949,4222.7,1.0,0.00236815,1758596175455,true
1827950,4222.96,1.0,0.00236800,1758596198895,false
1827951,4224.44,1.0,0.00236717,1758596200813,false
1827952,4224.48,40.0,0.09468620,1758596201297,false
1827953,4224.5,3.0,0.00710143,1758596203951,false
1827954,4224.16,26.0,0.06155069,1758596228380,true
1827955,4223.39,1.0,0.00236776,1758596236233,false
1827956,4223.81,1.0,0.00236753,1758596236233,false
1827957,4224.05,2.0,0.00473479,1758596236233,false
1827958,4223.96,1.0,0.00236744,1758596258181,false
1827959,4223.96,14.0,0.03314425,1758596258181,false
1827960,4224.22,6.0,0.01420380,1758596265074,true
1827961,4223.31,7.0,0.01657467,1758596281252,true
1827962,4222.38,1.0,0.00236833,1758596313167,false
1827963,4222.43,6.0,0.01420982,1758596313167,false
1827964,4222.05,1.0,0.00236851,1758596313230,true
1827965,4220.38,118.0,0.27959567,1758596355112,false
1827966,4220.38,1.0,0.00236945,1758596355112,false
1827967,4220.38,140.0,0.33172368,1758596355112,false
1827968,4218.67,3.0,0.00711124,1758596391033,true
1827969,4218.27,1.0,0.00237064,1758596391034,true
1827970,4217.85,1.0,0.00237087,1758596391051,true
1827971,4217.7,80.0,0.18967683,1758596391051,true
1827972,4217.69,499.0,1.18311208,1758596391051,true
1827973,4217.69,1.0,0.00237096,1758596391052,true
1827974,4217.57,1.0,0.00237103,1758596391084,true
1827975,4216.65,150.0,0.35573263,1758596415097,true
1827976,4215.98,1.0,0.00237192,1758596417471,true
1827977,4215.98,2.0,0.00474385,1758596417471,true
1827978,4215.54,1.0,0.00237217,1758596417553,true
1827979,4215.53,3.0,0.00711654,1758596417554,true
1827980,4214.86,2.0,0.00474511,1758596418051,true
1827981,4214.07,1.0,0.00237300,1758596418055,true
1827982,4213.94,15.0,0.03559614,1758596418055,true
1827983,4213.94,54.0,0.12814610,1758596418056,true
1827984,4213.83,25.0,0.05932844,1758596418064,true
1827985,4213.79,150.0,0.35597407,1758596418064,true
1827986,4213.78,122.0,0.28952626,1758596418065,true
1827987,4213.78,226.0,0.53633554,1758596418065,true
1827988,4213.24,1.0,0.00237347,1758596421028,true
1827989,4212.85,16.0,0.03797904,1758596421261,true
1827990,4212.85,1.0,0.00237369,1758596421264,true
1827991,4215.41,1.0,0.00237224,1758596425087,false
1827992,4215.53,1.0,0.00237218,1758596425087,false
1827993,4215.6,80.0,0.18977132,1758596425087,false
1827994,4215.99,1.0,0.00237192,1758596426171,true
1827995,4215.99,2.0,0.00474384,1758596426171,true
1827996,4216.5,128.0,0.30356931,1758596439215,true
1827997,4216.5,113.0,0.26799478,1758596439215,true
1827998,4216.5,198.0,0.46958377,1758596440094,false
1827999,4217.06,26.0,0.06165432,1758596443290,false
1828000,4214.09,252.0,0.59799387,1758596475864,false
1828001,4214.09,165.0,0.39154360,1758596475866,false
1828002,4214.09,83.0,0.19695829,1758596475867,false
1828003,4214.32,19.0,0.04508437,1758596475877,false
1828004,4214.32,1.0,0.00237286,1758596475881,false
1828005,4214.57,1.0,0.00237272,1758596475910,false
1828006,4214.91,12.0,0.02847035,1758596478974,true
1828007,4213.65,1.0,0.00237323,1758596478984,true
1828008,4213.33,1.0,0.00237341,1758596478984,true
1828009,4213.23,1.0,0.00237347,1758596478993,true
1828010,4212.02,40.0,0.09496631,1758596479543,false
1828011,4212.01,1.0,0.00237416,1758596480715,true
1828012,4211.83,2.0,0.00474852,1758596480786,true
1828013,4210.55,61.0,0.14487418,1758596487927,true
1828014,4210.0,161.0,0.38242280,1758596488029,true
1828015,4210.0,48.0,0.11401425,1758596488033,true
1828016,4210.0,1.0,0.00237529,1758596488034,true
1828017,4209.93,3.0,0.00712600,1758596488035,true
1828018,4209.92,20.0,0.04750684,1758596488035,true
1828019,4209.87,1.0,0.00237537,1758596488039,true
1828020,4210.84,210.0,0.49871284,1758596500400,false
1828021,4210.71,26.0,0.06174730,1758596502483,true
1828022,4211.13,1.0,0.00237465,1758596523215,true
1828023,4211.0,125.0,0.29684160,1758596523215,true
1828024,4211.0,1.0,0.00237473,1758596523463,true
1828025,4209.64,3.0,0.00712650,1758596536345,true
1828026,4209.09,1.0,0.00237581,1758596536345,true
1828027,4209.03,1.0,0.00237584,1758596536345,true
1828028,4209.01,1.0,0.00237585,1758596536347,true
1828029,4209.87,8.0,0.01900296,1758596545232,true
1828030,4209.87,1.0,0.00237537,1758596545266,true
1828031,4208.83,1.0,0.00237595,1758596549752,true
1828032,4208.72,150.0,0.35640289,1758596549752,true
1828033,4208.71,18.0,0.04276844,1758596549752,true
1828034,4208.71,481.0,1.14286800,1758596549753,true
1828035,4208.71,1.0,0.00237602,1758596549753,true
1828036,4209.54,63.0,0.14966005,1758596556884,false
1828037,4209.54,171.0,0.40622015,1758596556887,false
1828038,4209.54,265.0,0.62952246,1758596556887,false
1828039,4209.54,1.0,0.00237555,1758596556887,false
1828040,4213.41,1.0,0.00237337,1758596575027,false
1828041,4215.49,9.0,0.02134983,1758596582856,false
1828042,4212.81,1.0,0.00237371,1758596589375,true
1828043,4210.29,1.0,0.00237513,1758596591786,true
1828044,4209.87,1.0,0.00237537,1758596599206,true
1828045,4209.87,1.0,0.00237537,1758596599206,true
1828046,4209.45,1.0,0.00237560,1758596599209,true
1828047,4209.37,150.0,0.35634786,1758596599209,true
1828048,4209.36,169.0,0.40148621,1758596599209,true
1828049,4209.5,1.0,0.00237557,1758596608164,false
1828050,4207.38,5.0,0.01188388,1758596621030,true
1828051,4207.15,1.0,0.00237690,1758596624358,true
1828052,4207.15,1.0,0.00237690,1758596624358,true
1828053,4207.16,1.0,0.00237690,1758596634317,false
1828054,4207.16,267.0,0.63463238,1758596634317,false
1828055,4207.16,51.0,0.12122191,1758596634317,false
1828056,4207.16,140.0,0.33276604,1758596634318,false
1828057,4207.77,36.0,0.08555600,1758596648479,true
1828058,4207.77,1.0,0.00237655,1758596648479,true
1828059,4208.32,1.0,0.00237624,1758596656982,true
1828060,4208.1,150.0,0.35645540,1758596656982,true
1828061,4208.09,177.0,0.42061838,1758596656983,true
1828062,4207.99,26.0,0.06178721,1758596663652,true
1828063,4207.35,1.0,0.00237679,1758596663917,true
1828064,4206.93,1.0,0.00237703,1758596663917,true
1828065,4206.67,34.0,0.08082402,1758596663917,true
1828066,4206.67,80.0,0.19017417,1758596663918,true
1828067,4206.67,1.0,0.00237717,1758596663920,true
1828068,4206.66,1.0,0.00237718,1758596663920,true
1828069,4206.51,1.0,0.00237726,1758596663921,true
1828070,4206.42,350.0,0.83206146,1758596663921,true
1828071,4206.42,150.0,0.35659777,1758596663922,true
1828072,4206.09,1.0,0.00237750,1758596663923,true
1828073,4206.09,19.0,0.04517259,1758596663923,true
1828074,4206.05,2.0,0.00475505,1758596664141,true
1828075,4205.84,6.0,0.01426587,1758596664141,true
1828076,4205.84,1.0,0.00237764,1758596664720,true
1828077,4205.3,1.0,0.00237795,1758596679196,true
1828078,4205.25,1.0,0.00237797,1758596679196,true
1828079,4205.22,24.0,0.05707192,1758596679196,true
1828080,4205.22,1.0,0.00237799,1758596679197,true
1828081,4204.94,3.0,0.00713446,1758596679200,true
1828082,4204.85,1.0,0.00237820,1758596679201,true
1828083,4204.83,1.0,0.00237821,1758596679202,true
1828084,4204.68,1.0,0.00237830,1758596679202,true
1828085,4204.41,1.0,0.00237845,1758596684728,true
1828086,4203.99,3.0,0.00713607,1758596699589,true
1828087,4203.82,2.0,0.00475757,1758596702619,true
1828088,4203.78,1.0,0.00237881,1758596702619,true
1828089,4203.78,16.0,0.03806098,1758596702619,true
1828090,4203.78,1.0,0.00237881,1758596702621,true
1828091,4203.78,117.0,0.27832093,1758596706506,false
1828092,4203.78,238.0,0.56615712,1758596706555,false
1828093,4203.78,19.0,0.04519741,1758596706556,false
1828094,4203.78,126.0,0.29973024,1758596706558,false
1828095,4204.41,1.0,0.00237845,1758596721749,true
1828096,4205.38,1.0,0.00237790,1758596728021,false
1828097,4205.6,14.0,0.03328894,1758596728021,false
1828098,4205.25,26.0,0.06182747,1758596741729,true
1828099,4204.43,37.0,0.08800241,1758596746258,true
1828100,4204.43,1.0,0.00237844,1758596747024,true
1828101,4203.77,40.0,0.09515268,1758596756417,false
1828102,4205.33,1.0,0.00237793,1758596758695,false
1828103,4204.41,33.0,0.07848901,1758596766626,true
1828104,4203.76,3.0,0.00713646,1758596768047,true
1828105,4202.78,500.0,1.18968872,1758596768187,false
1828106,4203.23,1.0,0.00237912,1758596768192,false
1828107,4203.77,10.0,0.02378817,1758596772791,false
1828108,4203.91,80.0,0.19029903,1758596773168,false
1828109,4205.06,8.0,0.01902469,1758596785143,false
1828110,4205.46,8.0,0.01902288,1758596787289,false
1828111,4205.46,18.0,0.04280150,1758596787290,false
1828112,4205.25,18.0,0.04280363,1758596790141,true
1828113,4204.91,40.0,0.09512688,1758596793017,false
1828114,4204.43,4.0,0.00951377,1758596795487,true
1828115,4204.41,1.0,0.00237845,1758596795488,true
1828116,4203.99,1.0,0.00237869,1758596795492,true
1828117,4203.15,1.0,0.00237916,1758596804458,true
1828118,4202.62,69.0,0.16418329,1758596804495,true
1828119,4202.54,84.0,0.19987912,1758596804502,true
1828120,4202.54,1.0,0.00237951,1758596805753,true
1828121,4202.06,1.0,0.00237978,1758596806813,true
1828122,4201.99,50.0,0.11899123,1758596807032,true
1828123,4201.68,60.0,0.14280002,1758596807033,true
1828124,4201.68,1.0,0.00238000,1758596807035,true
1828125,4201.48,126.0,0.29989432,1758596807468,true
1828126,4201.57,460.0,1.09482883,1758596810242,false
1828127,4201.57,40.0,0.09520250,1758596810242,false
1828128,4203.14,8.0,0.01903338,1758596820606,true
1828129,4203.59,25.0,0.05947297,1758596825331,true
1828130,4203.59,1.0,0.00237891,1758596825332,true
1828131,4202.74,1.0,0.00237940,1758596830503,false
1828132,4202.73,19.0,0.04520870,1758596837529,true
1828133,4202.32,80.0,0.19037103,1758596837529,true
1828134,4202.31,1.0,0.00237964,1758596837529,true
1828135,4202.23,80.0,0.19037511,1758596837529,true
1828136,4202.22,80.0,0.19037556,1758596837529,true
1828137,4201.9,80.0,0.19039006,1758596837529,true
1828138,4201.89,1.0,0.00237988,1758596837529,true
1828139,4201.83,150.0,0.35698731,1758596837529,true
1828140,4201.82,500.0,1.18996054,1758596837529,true
1828141,4201.47,1.0,0.00238011,1758596837529,true
1828142,4201.44,53.0,0.12614722,1758596837529,true
1828143,4201.28,20.0,0.04760453,1758596837529,true
1828144,4201.05,1.0,0.00238035,1758596837529,true
1828145,4201.05,78.0,0.18566786,1758596837529,true
1828146,4201.02,1279.0,3.04449871,1758596837533,false
1828147,4201.02,1275.0,3.03497721,1758596837533,false
1828148,4201.02,1166.0,2.77551642,1758596837534,false
1828149,4201.9,1.0,0.00237987,1758596850098,false
1828150,4201.9,39.0,0.09281515,1758596850098,false
1828151,4204.93,1.0,0.00237816,1758596880854,false
1828152,4204.93,20.0,0.04756321,1758596880854,false
1828153,4204.43,40.0,0.09513774,1758596883273,true
1828154,4203.67,32.0,0.07612395,1758596889397,true
1828155,4203.67,1.0,0.00237887,1758596889397,true
1828156,4203.57,1.0,0.00237893,1758596889397,true
1828157,4203.24,25.0,0.05947792,1758596893766,true
1828158,4203.24,1.0,0.00237911,1758596893766,true
1828159,4202.73,26.0,0.06186454,1758596895497,true
1828160,4202.31,25.0,0.05949108,1758596904598,true
1828161,4202.31,1.0,0.00237964,1758596904598,true
1828162,4201.05,26.0,0.06188928,1758596910433,true
1828163,4201.0,83.0,0.19757200,1758596910433,true
1828164,4201.0,1.0,0.00238038,1758596910437,true
1828165,4200.42,125.0,0.29758928,1758596915610,true
1828166,4200.42,1.0,0.00238071,1758596915622,true
1828167,4200.28,1168.0,2.78076699,1758596915622,true
1828168,4200.28,443.0,1.05469159,1758596915622,true
1828169,4200.28,1.0,0.00238079,1758596915623,true
1828170,4200.0,210.0,0.5,1758596917021,true
1828171,4200.0,42.0,0.1,1758596917021,true
1828172,4200.0,9.0,0.02142857,1758596917021,true
1828173,4200.21,1.0,0.00238083,1758596923424,true
1828174,4200.0,1.0,0.00238095,1758596933422,true
1828175,4198.81,253.0,0.60255167,1758596935143,true
1828176,4198.81,1.0,0.00238162,1758596935143,true
1828177,4197.9,20.0,0.04764286,1758596938443,false
1828178,4197.89,3.0,0.00714644,1758596941914,true
1828179,4197.79,1.0,0.00238220,1758596941914,true
1828180,4197.61,115.0,0.27396542,1758596941914,true
1828181,4197.26,443.0,1.05545046,1758596952028,false
1828182,4197.26,236.0,0.56227157,1758596952172,false
1828183,4197.26,102.0,0.24301568,1758596952362,false
1828184,4197.26,14.0,0.03335509,1758596952390,false
1828185,4197.26,26.0,0.06194517,1758596952390,false
1828186,4197.69,1.0,0.00238226,1758596953656,true
1828187,4197.5,5.0,0.01191185,1758596953656,true
1828188,4197.25,2.0,0.00476502,1758596955592,true
1828189,4197.25,26.0,0.06194532,1758596955592,true
1828190,4196.84,54.0,0.12866823,1758596960234,false
1828191,4196.84,19.0,0.04527215,1758596966899,true
1828192,4196.84,7.0,0.01667921,1758596966902,true
1828193,4198.04,117.0,0.27870148,1758596979347,false
1828194,4198.04,120.0,0.28584768,1758596979347,false
1828195,4199.43,40.0,0.09525102,1758596985267,true
1828196,4199.38,306.0,0.72867899,1758596992788,false
1828197,4199.38,6.0,0.01428782,1758596992788,false
1828198,4199.38,32.0,0.07620172,1758596992789,false
1828199,4199.38,35.0,0.08334563,1758596992790,false
1828200,4200.25,1.0,0.00238081,1758596997113,true
1828201,4200.04,60.0,0.14285578,1758596997228,false
1828202,4200.03,1.0,0.00238093,1758596998217,true
1828203,4199.98,80.0,0.19047709,1758596998217,true
1828204,4199.97,150.0,0.35714540,1758596998217,true
1828205,4199.96,500.0,1.19048752,1758596998217,true
1828206,4199.79,1.0,0.00238107,1758596998217,true
1828207,4199.44,17.0,0.04048158,1758596998225,false
1828208,4199.44,5.0,0.01190634,1758596998225,false
1828209,4199.44,13.0,0.03095650,1758596998226,false
1828210,4199.44,83.0,0.19764540,1758596998243,false
1828211,4199.44,224.0,0.53340445,1758596998246,false
1828212,4199.44,7.0,0.01666888,1758596998380,false
1828213,4199.44,72.0,0.17145143,1758596998380,false
1828214,4199.44,23.0,0.05476920,1758596998381,false
1828215,4199.44,72.0,0.17145143,1758596998384,false
1828216,4199.44,18.0,0.04286285,1758596998385,false
1828217,4199.44,84.0,0.20002667,1758596998437,false
1828218,4199.44,322.0,0.76676890,1758596998437,false
1828219,4199.44,147.0,0.35004667,1758596998438,false
1828220,4199.44,19.0,0.04524412,1758596998440,false
1828221,4199.44,35.0,0.08334444,1758596998440,false
1828222,4199.44,49.0,0.11668222,1758596998440,false
1828223,4199.44,130.0,0.30956508,1758596998441,false
1828224,4199.44,83.0,0.19764540,1758596998442,false
1828225,4199.44,99.0,0.23574571,1758596998444,false
1828226,4199.44,22.0,0.05238793,1758596998444,false
1828227,4199.44,4.0,0.00952507,1758596998444,false
1828228,4199.44,13.0,0.03095650,1758596998445,false
1828229,4199.44,1.0,0.00238126,1758596998449,false
1828230,4199.44,8.0,0.01905015,1758596998453,false
1828231,4199.44,24.0,0.05715047,1758596998454,false
1828232,4199.44,26.0,0.06191301,1758596998454,false
1828233,4199.44,47.0,0.11191968,1758596998498,false
1828234,4199.44,221.0,0.52626064,1758596998498,false
1828235,4199.44,18.0,0.04286285,1758596998499,false
1828236,4199.44,34.0,0.08096317,1758596998499,false
1828237,4199.44,68.0,0.16192635,1758596998500,false
1828238,4199.44,27.0,0.06429428,1758596998501,false
1828239,4199.44,121.0,0.28813365,1758596998502,false
1828240,4199.44,26.0,0.06191301,1758596998502,false
1828241,4199.44,25.0,0.05953174,1758596998502,false
1828242,4199.44,49.0,0.11668222,1758596998504,false
1828243,4199.44,22.0,0.05238793,1758596998505,false
1828244,4199.44,16.0,0.03810031,1758596998525,false
1828245,4199.44,8.0,0.01905015,1758596998525,false
1828246,4199.44,38.0,0.09048825,1758596998526,false
1828247,4199.44,49.0,0.11668222,1758596998551,false
1828248,4199.44,72.0,0.17145143,1758596998555,false
1828249,4199.44,40.0,0.09525079,1758596998976,false
1828250,4199.44,40.0,0.09525079,1758597001266,false
1828251,4199.44,425.0,1.01203970,1758597001342,false
1828252,4199.44,12.0,0.02857523,1758597001343,false
1828253,4199.44,425.0,1.01203970,1758597001343,false
1828254,4199.44,25.0,0.05953174,1758597001344,false
1828255,4199.44,425.0,1.01203970,1758597001345,false
1828256,4199.44,77.0,0.18335778,1758597001347,false
1828257,4199.44,77.0,0.18335778,1758597001348,false
1828258,4199.44,20.0,0.04762539,1758597001349,false
1828259,4199.44,37.0,0.08810698,1758597001349,false
1828260,4199.44,36.0,0.08572571,1758597001351,false
1828261,4199.44,22.0,0.05238793,1758597001352,false
1828262,4199.44,47.0,0.11191968,1758597001360,false
1828263,4199.44,119.0,0.28337111,1758597001363,false
1828264,4200.33,26.0,0.06189989,1758597003635,true
1828265,4199.37,1.0,0.00238130,1758597006447,true
1828266,4199.37,58.0,0.13811595,1758597006447,true
1828267,4198.53,54.0,0.12861644,1758597012554,true
1828268,4198.53,1.0,0.00238178,1758597012555,true
1828269,4197.91,1.0,0.00238213,1758597014743,true
1828270,4197.81,40.0,0.09528778,1758597015740,false
1828271,4197.81,38.0,0.09052339,1758597017708,false
1828272,4197.81,40.0,0.09528778,1758597017988,false
1828273,4197.81,3881.0,9.24529695,1758597019263,false
1828274,4198.6,66.0,0.15719525,1758597020804,false
1828275,4199.5,3.0,0.00714370,1758597034023,false
1828276,4199.52,37.0,0.08810530,1758597035603,false
1828277,4199.43,133.0,0.31670964,1758597036336,true
1828278,4198.95,45.0,0.10716964,1758597041328,true
1828279,4197.49,40.0,0.09529504,1758597048081,false
1828280,4196.63,25.0,0.05957160,1758597058870,true
1828281,4196.27,500.0,1.19153438,1758597060401,true
1828282,4196.14,1.0,0.00238314,1758597060424,true
1828283,4196.0,105.0,0.25023832,1758597060424,true
1828284,4196.0,1.0,0.00238322,1758597060992,true
1828285,4195.57,1.0,0.00238346,1758597060993,true
1828286,4195.11,1.0,0.00238372,1758597060993,true
1828287,4194.75,1.0,0.00238393,1758597064018,true
1828288,4194.75,1.0,0.00238393,1758597064019,true
1828289,4194.75,1.0,0.00238393,1758597064019,true
1828290,4194.73,17.0,0.04052704,1758597064019,true
1828291,4194.33,1.0,0.00238417,1758597064019,true
1828292,4194.25,1.0,0.00238421,1758597064019,true
1828293,4193.91,1.0,0.00238440,1758597064019,true
1828294,4193.49,1.0,0.00238464,1758597064019,true
1828295,4193.49,60.0,0.14307891,1758597064019,true
1828296,4193.36,54.0,0.12877501,1758597064019,true
1828297,4193.35,20.0,0.04769456,1758597064019,true
1828298,4193.17,56.0,0.13355051,1758597064019,true
1828299,4193.84,39.0,0.09299353,1758597065754,true
1828300,4193.84,1.0,0.00238444,1758597065754,true
1828301,4193.62,20.0,0.04769149,1758597065760,true
1828302,4193.08,40.0,0.09539527,1758597066970,false
1828303,4192.87,3.0,0.00715500,1758597067055,true
1828304,4192.83,61.0,0.14548646,1758597068038,true
1828305,4192.83,25.0,0.05962559,1758597068038,true
1828306,4192.83,1.0,0.00238502,1758597068039,true
1828307,4192.3,175.0,0.41743195,1758597068241,true
1828308,4192.3,1.0,0.00238532,1758597068243,true
1828309,4192.03,3.0,0.00715643,1758597068392,true
1828310,4192.0,98.0,0.23377862,1758597068392,true
1828311,4192.0,1.0,0.00238549,1758597070583,true
1828312,4191.33,69.0,0.16462554,1758597070592,true
1828313,4192.35,9.0,0.02146767,1758597073840,false
1828314,4191.93,76.0,0.18130073,1758597079150,true
1828315,4192.24,1.0,0.00238535,1758597083133,true
1828316,4192.03,3.0,0.00715643,1758597083133,true
1828317,4191.82,1.0,0.00238559,1758597083999,false
1828318,4191.82,36.0,0.08588155,1758597083999,false
1828319,4191.39,1.0,0.00238584,1758597084533,true
1828320,4191.01,1.0,0.00238605,1758597089107,true
1828321,4191.48,6.0,0.01431475,1758597090593,false
1828322,4191.1,40.0,0.09544033,1758597090758,true
1828323,4190.86,1.0,0.00238614,1758597090807,false
